

@InProceedings{i3:db:langmaack:99,
  author = 	 "Dines Bj{\o}rner",
  title = 	 "{A Triptych Software Development Paradigm:
Domain, Requirements and Software.
Towards a Model Development of
A Decision Support System for Sustainable Development}",
  booktitle = 	 "{Festschrift to Hans Langmaack, Eds.
Ernst\--R{\"u}diger Olderog and Bernhard Steffen}",
  editor = 	 "",
  year = 	 "1999",
  publisher = "Springer--Verlag",
  address = "Heidelberg, Germany",
  series = "Lecture Notes in Computer Science",
  volume = "1710",
  organization = "University of Kiel, Germany",
  month = 	 "October 1",
  OPTnote = 	 "",
  OPTannote = 	 ""
}


@TechReport{db:aida:98,
  author = 	 "Dines Bj{\o}rner",
  title = 	 "{Aida: Openness in Danish Administration}",
  institution =  "Dept.\ of IT, DTU",
  year = 	 "1998",
  OPTkey = 	 "",
  type = 	 "Project Outline",
  address = 	 "DTU, Bldg.\ 344, DK--2800 Lyngby, Denmark",
  month = 	 "March",
  note = 	 "This document outline a basis for a project
                  aimed at developing software for the 
                  self\--service, by citizens, of public
                  government offerings: Social welfare,
                  taxation, customes, etc.",
  OPTannote = 	 ""
}


@InProceedings{i3:db:tony:99,
  author = 	 "Dines Bj{\o}rner",
  title = 	 "{Domain Modelling: Resource Management
   Strategics, Tactics \& Operations, 
   Decision Support and Algorithmic Software}",
  booktitle = 	 "{Festschrift to Tony Hoare}",
  editor = 	 "J.C.P.\ Woodcock",
  year = 	 "1999",
  organization = "Oxford University and Microsoft",
  month = 	 "September 13--14",
  OPTnote = 	 "",
  OPTannote = 	 ""
}


@TechReport{racosy99b,
  author = 	 "Dines Bj{\o}rner et al.",
  title = 	 "{Formal Models of Railway Systems:
                  Requirements}",
  institution =  "Dept. of IT, Technical University of
                  Denmark",
  year = 	 "1999",
  OPTkey = 	 "",
  OPTtype = 	 "",
  OPTnumber = 	 "",
  address = 	 "Bld.g 344, DK--2800 Lyngby, Denmark",
  month = 	 "September 23",
  note = 	 "Presented at the FME\,Rail Workshop on
Formal Methods in Railway Systems, FM'99 World Congress
on Formal Methods, Toulouse, France. Avaliable on CD ROM.",
  OPTannote = 	 ""
}

@TechReport{racosy99a,
  author = 	 "Dines Bj{\o}rner et al.",
  title = 	 "{Formal Models of Railway Systems: Domains}",
  institution =  "Dept. of IT, Technical University of
                  Denmark",
  year = 	 "1999",
  OPTkey = 	 "",
  OPTtype = 	 "",
  OPTnumber = 	 "",
  address = 	 "Bldg.\ 344, DK--2800 Lyngby, Denmark",
  month = 	 "September 23",
  note = 	 "Presented at the FME\,Rail Workshop on
Formal Methods in Railway Systems, FM'99 World Congress
on Formal Methods, Toulouse, France. Avaliable on CD ROM.",
  OPTannote = 	 ""
}


@Book{celestial89,
  author = 	 "Victor G. Szebehely",
  title = 	 "{Adventures in Celestial Mechanics.
             A First Course in the Theory of Orbits}",
  publisher = 	 "University of Texas Press",
  year = 	 "1989, 1993",
  key = 	 "Astronomy",
  OPTeditor = 	 "",
  OPTvolume = 	 "",
  OPTnumber = 	 "",
  OPTseries = 	 "",
  address = 	 "University of Texas, Box~7819,
                 Austin, Texas~78713-7819, USA",
  OPTedition = 	 "",
  OPTmonth = 	 "",
  note = 	 "175 pages",
  OPTannote = 	 ""
}


@Article{PlasilStal98a,
  author =       "Franti{\v{s}}ek Pl{\'a}{\v{s}}il 
                  and Michael Stal",
  title =        "{An Architectural View of Distributed  
                   Objects and Components in CORBA}",
  journal =      "Software Concepts \& Tools",
  year =         "1998",
  key =       "CORBA",
  publisher = "Springer-Verlag",
  volume =    "19",
  OPTmonth =     "",
  pages =     "14-20",
  OPTnote =      "",
  OPTannote =    ""
}


@Book{Reisig98a,
  author =       "Wolfgang Reisig",
  title =        "{Theory and Practice of Petri nets}",
  publisher =    "Springer--Verlag",
  year =         "1998",
  address =      "Berlin Heidelberg",
  OPTnote =      "",
  OPTannote =    ""
}

@book{Lynch96,
        author =        {Nancy Lynch},
        title =         {{Distributed Algorithms}},
        publisher =     {Morgan Kaufmann Publishers},
        year =          1996
}

@UNPUBLISHED{1999:Bj87SAPSD,
  KEY		= "Bj{\o}rner 87e",
  AUTHOR	= "D. Bj{\o}rner",
  TITLE		= "Software Architectures 
and Programming Systems Design.
  Vols. I-VI",
  NOTE		= "Techn. Univ. of Denmark",
  YEAR		= "1983-1987",
  ANNOTE	= "This 6 volume was written and used
throughout the 1980s. Volume titles are: I: {\it Foundations}, 
II: {\it Abstraction Principles}, III: {\it Design}, IV: {\it
Formalising Programming Concepts}, 
V: {\it Programming Languages 
and their Processors}, and VI: {\it Data Models and Data Base 
Management Systems}."}

@Article{Bj98Pinnacles,
  author = 	 "Dines Bj{\o}rner",
  title = 	 "{Pinnacles of Software Engineering:
                  25 Years of Formal Methods}",
  journal = 	 "Annals of Software Engineering",
  year = 	 "1999",
  OPTkey = 	 "",
  OPTvolume = 	 "",
  OPTnumber = 	 "",
  OPTmonth = 	 "",
  OPTpages = 	 "pp 52",
  note = 	 "Editors: Dilip Patel and Wang YingYu",
  OPTannote = 	 ""
}


@Article{Bj97Education,
  author = 	 "Dines Bj{\o}rner and Jorge M. Cuellar",
  title = 	 "{The R{\^o}le of Formal Techniques
                   in Software Engineering Education}",
  journal = 	 "Annals of Software Engineering",
  year = 	 "1999",
  OPTkey = 	 "",
  OPTvolume = 	 "",
  OPTnumber = 	 "",
  OPTmonth = 	 "",
  OPTpages = 	 "",
  note = 	 "Editors: Norman E. Gibbs and N. Coulter",
  OPTannote = 	 ""
}


@Article{Bj99Annals,
  author = 	 "Dines Bj{\o}rner and Jorge M. Cuellar",
  title = 	 "{The R{\^o}le of Formal Techniques
                   in Software Engineering Education}",
  journal = 	 "Annals of Software Engineering",
  year = 	 "1999",
  OPTkey = 	 "",
  OPTvolume = 	 "",
  OPTnumber = 	 "",
  OPTmonth = 	 "",
  OPTpages = 	 "",
  note = 	 "Editors: Norman E. Gibbs and N. Coulter",
  OPTannote = 	 ""
}


@InCollection{1999:Bj97Bernried,
  author = 	 "Dines Bj{\o}rner",
  title = 	 "{Domains as Prerequisites for Requirements
                   and Software {\em \&c.}}",
  booktitle = 	 "{RTSE'97: Requirements Targeted
                   Software and Systems Engineering}",
  publisher = "Springer-Verlag",
  year = 	 "1998",
  editor = 	 "M. Broy and B. Rumpe",
  volume = 	 "1526",
  series = 	 "Lecture Notes in Computer Science",
  address = 	 "Berlin Heidelberg",
  OPTedition = 	 "",
  OPTmonth = 	 "",
  pages = 	 "1--41",
  OPTnote = 	 "",
  OPTannote = 	 ""
}



@Article{db:wofacs,
  author = 	 "Dines Bj{\o}rner",
  title = 	 "{Where do Software Architectures come from~?
Systematic Development from Domains and Requirements.
A Re--assessment of Software Engneering~?}",
  journal = 	 "South African Journal of Computer Science",
  year = 	 "1999",
  OPTkey = 	 "",
  OPTvolume = 	 "",
  OPTnumber = 	 "",
  OPTmonth = 	 "",
  OPTpages = 	 "",
  note = 	 "Editor: Chris Brink",
  OPTannote = 	 ""
}


@Unpublished{Bj99TheBook,
  author = 	 "Dines Bj{\o}rner",
  title = 	 "{Software Engineering: A New Approach ---
                   from domains via requirements to
                   software architectures and program
                   structures.}",
  note = 	 "Lecture notes, Department of Information
                  Technology, Technical University of Denmark,
                  Bldg.343, DK--2800 Lyngby, Denmark. Web URL:
                  http://www.it.dtu.dk/\~{}db/s2000/notes.ps
                  (presently some 700 pages) [foils:
                  \ldots/foils.ps]",
  OPTkey = 	 "",
  year = 	 "1999",
  OPTmonth = 	 ""}



@InProceedings{Bj99Tehrana,
  author = 	 "Dines Bj{\o}rner",
  title = 	 "{Challenge '2000: some aspects of:
                  ``How to Create a Software Industry''}",
  booktitle = 	 "{Proceedings of CSIC'99}",
  OPTeditor = 	 "R. Jalili",
  year = 	 "1999",
  month = 	 "22 January",
  OPTnote = 	 ""
}

