	  
@book{adafdx,
  editor    = "{\bchgiv DDC, Univ. of Pisa, CRAI, CNRS IEI Pisa and
  Univ. of Genoa}", 
  title     = "{The Draft Formal Definition of Ada}",
  note      = "3 parts. Published by Dansk Datamatik Center\echgiv",
  year      = "1987"}   
			  
\@book{adafd,
editor = "{Denmark, DDC and Italy, Pisa+Genoa}",
title = "{Selected papers and reports on the CEC MAP Ada Formal
Definition Project}", 
year = "{1984-1987}",
publisher = "{Dansk Datamatik Center}",
note = "{\sf
\begin{itemize}	 
\item[AdaFD:]  ``The Formal Definition of Ada Dynamic Semantics'',
		  Deliverables 15 and 16 of the CEC MAP project: The
		  Draft Formal Definition of ANSI/MIL-STD 1815A Ada. 
\item[Astesiano et al.:]  ``Final
		  Specification Language'', Deliverable 9 of the CEC
		  MAP project: The Draft Formal Definition of
		  ANSI/MIL-STD 1815A Ada.  
\item[Fantechi et al.:] ``Feasibility of ACVC validation with 
		  respect to the Ada Formal Definition'', Deliverable
		  30 of the CEC MAP project: The Draft Formal
		  Definition of ANSI/MIL-STD 1815A Ada. 
\item[Gallo et al.:]  "Ada FD Tool set:
                  Architecture and Preliminary 
		  Design", Deliverable 20 of the CEC MAP project: The
		  Draft Formal Definition of ANSI/MIL-STD 1815A Ada. 
\item[Karlsen et al.:]``The Draft Formal
		  Definition of Ada, The Dynamic Semantics
		  Definition'', Dansk Datamatik
		  Center/CRAI/IEI/University of Genoa, January 1987. 	
\item[Storbank et al.:]  ``The Draft  
		  Formal Definition of Ada, The Static Semantics
		  Definition'', Dansk Datamatik Center, January
		  1987. 
\item[Reggio et al.:] ``The Draft
		  Formal Definition of Ada, The User Manual of the
		  Meta-Language'', CRAI/IEI/University of Genoa,
		  September 1986. 	  
\end{itemize}
\textsf{\textsl{This is a temporary reference. An appropriate
reference will be ``constructed'' before end of February 2010.}}\normalsize\rm
}"}