
@Proceedings{Agent99a,
  title      = "{Foundations of Rational Agency}",
  editor     = "{M. Wooldridge and A. Rao}",
  publisher  = "{Kluwer Academic Publishers}",
  month      = "{March}",
  series     = "{}",
  year       = "{1999}",
  address    = "{}",
  note       = "{}"}
    
@Proceedings{Agent98a,
  title      = "{Agents '98: Proceedings of the Second International Conference on Autonomous Agents}",
  editor     = "{K. P. Sycara and M. Wooldridge}",
  publisher  = "{ACM Press}",
  month      = "{May}",
  series     = "{}",
  year       = "{1998}",
  address    = "{}",
  note       = "{}"}
    
  
@Proceedings{Agent98b,
  title      = "{Intelligent Agents IV}",
  editor     = "{M. P. Singh and A. S. Rao and M. Wooldridge}",
  publisher  = "{Springer-Verlag}",
  month      = "{February}",
  series     = "{Lecture Notes in AI}",
  year       = "{1998}",
  volume    = "{1365}",
  note       = "{}"}
      
@Proceedings{Agent98c,
  title      = "{Agent Technology: Foundations, Applications, and Markets }",
  editor     = "{N. R. Jennings and M. Wooldridge}",
  publisher  = "{Springer-Verlag}",
  month      = "{March}",
  volume    = "{}",
  series     = "{}",
  year       = "{1998}",
  address    = "{}",
  note       = "{}"}
  
@Proceedings{Agent97a,
  title      = "{Intelligent Agents III}",
  editor     = "{J. P. Mueller and M. Wooldridge and N. R. Jennings}",
  publisher  = "{Springer-Verlag}",
  volume    = "{1193}",
  month      = "{January}", 
  series     = "{Lecture Notes in AI}",
  year       = "{1997}",
  address    = "{}",
  note       = "{}"}
   
@Proceedings{Agent96a,
  title      = "{Intelligent Agents II}",
  editor     = "{M. Wooldridge and J. P. Mueller and M. Tambe}",
  publisher  = "{Springer-Verlag}",
  volume    = "{1037}",
  month      = "{January}",
  series     = "{Lecture Notes in AI}",
  year       = "{1996}",
  address    = "{}",
  note       = "{}"}


@Proceedings{Agent96b,
  title      = "{European workshop on modelling autonomous agents in a
		  multi-agent world}",
  editor     = "{Perram, J.W.}",
  publisher  = "{Springer-Verlag}",
  year       = "{1996}",
  month      = "{July}",
  volume     = "{1038}",
  series     = "{Lecture notes in artificial intelligence}",
  address    = "{Eindhoven, The Netherlands}", 
  note       = "{}"}

@Proceedings{Agent95a,
  title      = "{Intelligent Agents - Theories, Architectures, and Languages}",
  editor     = "{M. Wooldridge and N. R. Jennings}",
  publisher  = "{Springer-Verlag}",
  volume    = "{890}",
  month      = "{February}",
  series     = "{Lecture Notes in AI}",
  year       = "{1995}",
  address    = "{}",
  note       = "{}"}
  

@Article{Agent95b,
  title      = "{Intelligent Agents: Theory and Practice}",
  author     = "{M. Wooldridge and N. R. Jennings}",
  journal  = "{Knowledge Engineering Review}",
  volume    = "{}",
  month      = "{January}",
  year       = "{1995}",
  note       = "{}"}
  

@Article{Agent98d,
  title      = "{A Roadmap of Agent research and Revelopment}",
  author     = "{N. R. Jennings and K. P. Sycara and M. Wooldridge}",
  journal  = "{Autonomous Agents and Multi--Agent Systems}",
  volume    = "{1}",
pages = "{275--306}",
  month      = "{}",
  year       = "{1998}",
  note       = "{}"}
  
