
@Book{aida:fm93a,
  author = 	 "Finansministeriet",
  title = 	 "{Nyt syn p{\aa} den offentlige sektor}",
  publisher = 	 "Finansministeriet",
  year = 	 "1993",
  OPTkey = 	 "",
  OPTeditor = 	 "",
  OPTvolume = 	 "",
  OPTnumber = 	 "",
  OPTseries = 	 "",
  address = 	 "Statens Information, P.O.\ Boks 1103, DK--1009
                  K{\o}benhavn K, Tlf.: 33 37 92 28",
  OPTedition = 	 "",
  month = 	 "Juni",
  note = 	 "ISBN 87--601--3780--0. Pris 80 Kr.
                  Sorgenfri Tryk A/S. 116 sider. Se ogs{\aa}
                  \cite{aida:fm93b}

\aidaeval{\input{\aidapath/db/projects/psi/1stpaper/fm93a}}",
  OPTannote = 	 ""}

@Book{aida:fm93b,
  author = 	 "Finansministeriet",
  title = 	 "{Nyt syn p{\aa} den offentlige sektor
                  --- Sammenfatning}",
  publisher = 	 "Finansministeriet",
  year = 	 "1993",
  OPTkey = 	 "",
  OPTeditor = 	 "",
  OPTvolume = 	 "",
  OPTnumber = 	 "",
  OPTseries = 	 "",
  address = 	 "Statens Information, P.O.\ Boks 1103, DK--1009
                  K{\o}benhavn K, Tlf.: 33 37 92 28",
  OPTedition = 	 "",
  month = 	 "Juni",
  note = 	 "ISBN 87--601--3782--7. Pris 80 Kr.
                  Sorgenfri Tryk A/S. 17 sider. Se ogs{\aa}
                  \cite{aida:fm93a}

\aidaeval{\input{\aidapath/db/projects/psi/1stpaper/fm93b}}",
  OPTannote = 	 ""
}

@Book{aida:fm91,
  author = 	 "Finansministeriet",
  title = 	 "{Den offentlige sektor {\AA}r 2000 ---
                   Moderniseringsredeg{\o}relse 1991}",
  publisher = 	 "Finansministeriet",
  year = 	 "1991",
  OPTkey = 	 "",
  OPTeditor = 	 "",
  OPTvolume = 	 "",
  OPTnumber = 	 "",
  OPTseries = 	 "",
  address = 	 "Finansministeriet, Publikationscentralen",
  OPTedition = 	 "",
  month = 	 "8 Maj",
  note = 	 "ISBN 87--503--9114--3. 5 sider

\aidaeval{\input{\aidapath/db/projects/psi/1stpaper/fm91}}",
  OPTannote = 	 ""
}


@Book{aida:jg80,
  author = 	 "Jean Grandjean",
  title = 	 "{Gi'besked --- go'besked,
                   en v{\ae}rkt{\o}jskasse 
                   for myndighedernes kontakt med
                   publikum \ldots}",
  publisher = 	 "Schultz",
  year = 	 "1980",
  OPTkey = 	 "",
  OPTeditor = 	 "",
  OPTvolume = 	 "",
  OPTnumber = 	 "",
  OPTseries = 	 "",
  OPTaddress = 	 "",
  OPTedition = 	 "",
  OPTmonth = 	 "",
  note = 	 "ISBN 87--569--0524--6. 269 sider. Index

\aidaeval{\input{\aidapath/db/projects/psi/1stpaper/jg80}}",
  OPTannote = 	 ""
}


@Book{aida:pmetal80,
  author = 	 "Poul Meyer and Georg Vedel--Smith and
                  Ole N{\o}rgaard Madsen and Ginn Bruun",
  title = 	 "{Offentlig forvaltning i Danmark}",
  publisher = 	 "Forlaget Politica",
  year = 	 "1977, 1980",
  OPTkey = 	 "",
  OPTeditor = 	 "",
  OPTvolume = 	 "",
  OPTnumber = 	 "",
  OPTseries = 	 "",
  address = 	 "Institute for Political Science,
                  {\AA}rhus University, DK--8000 C,
                  Denmark",
  edition = 	 "2nd 1980",
  OPTmonth = 	 "",
  note = 	 "ISBN 87--7335--039--7. 177 pages

\aidaeval{\input{\aidapath/db/projects/psi/1stpaper/pmetal80}}",
  OPTannote = 	 ""
}

@Book{aida:fokus95,
  author = 	 "Poula Helth and Anders Westenholtz",
  title = 	 "{Give brugerne klar besked \ldots\
                   Serviceinformation til brugerne}",
  publisher = 	 "Kommuneinformation",
  year = 	 "1995",
  OPTkey = 	 "",
  OPTeditor = 	 "",
  OPTvolume = 	 "",
  OPTnumber = 	 "",
  series = 	 "FOKUS: FOrum for Kvalitet og Udvikling
                  i offentlig Service",
  address = 	 "Kommuneinformation, Nyropsgade 37,
                  DK--1602 K{\o}benhavn V., Danmark",
  OPTedition = 	 "",
  OPTmonth = 	 "",
  note = 	 "103 pages. Reference is given to other
                  FOKUS publications:
\begin{itemize}
\item Serviceinformation til brugerne --- vejledning
      om kommunernes pligter og muligheder, Kommunernes 
      Landsforening. Kommuninformation, 1995, Bestillingsnr.\
      7198
\item Man skal love hvad man holder. FOKUS pjece.
      Kommuninformation, 1995, Bestillingsnr.\
      7303
\item Fornyelse og effektivisering i den offentlige sektor,
      Indenrigsministeriet, Bilag til bet{\ae}nkning nr.\ 1268,
      April 1994
\item FOKUS --- p{\aa} brugerne. En eksempelsamling om
      kvalitetsudvikling og servicem{\aa}l i kommunerne.
      Kommunernes 
      Landsforening. Kommuninformation, 1995, Bestillingsnr.\
      7180
\item FOKUS --- p{\aa} borgerne og virksomheder. 
      En eksempelsamling om
      kvalitetsudvikling og servicem{\aa}l i kommunerne.
      Kommunernes 
      Landsforening. Kommuneinformation, 1995, Bestillingsnr.\
      7181
\end{itemize}

\aidaeval{\input{\aidapath/db/projects/psi/1stpaper/fokus95}}",
  OPTannote = 	 ""
}

@Book{aida:jgcpmc92,
  author = 	 "J{\o}rgen Gr{\o}nneg{\aa}rd Christensen
                  og Peter Munk Christiansen",
  title = 	 "{Offentlig forvaltning i Danmark.
                   Forvaltning og omgivelser}",
  publisher = 	 "systime",
  year = 	 "1992",
  OPTkey = 	 "",
  OPTeditor = 	 "",
  OPTvolume = 	 "",
  OPTnumber = 	 "",
  OPTseries = 	 "",
  address = 	 "Klokkebakken 20, DK--7400 Herning,
                  Tlf.: 97 11 90 11, Fax:
                  97 20 90 11",
  OPTedition = 	 "",
  month = 	 "August",
  note = 	 "ISBN 87 7783 201 9. 157 pages

\aidaeval{\input{\aidapath/db/projects/psi/1stpaper/jgcpmc92}}",
  OPTannote = 	 ""
}
@Book{aida:hhb93,
  title = 	 "{Brugeren viser vej --- Markedsorientering
                   i det offentlige p{\aa} godt og ondt}",
  publisher = 	 "Dafolo",
  year = 	 "1993",
  OPTkey = 	 "",
  editor = 	 "Hans Herik Brydensholt",
  OPTvolume = 	 "",
  OPTnumber = 	 "",
  OPTseries = 	 "",
  OPTaddress = 	 "Dafolo Grafiske Systemer A/S,
                  Suderbovej 22--24, DK--9900 Frederikshavn,
                  Danmark. Tlf.: 98 42 28 22",
  OPTedition = 	 "",
  OPTmonth = 	 "",
  note = 	 "ISBN 87--7320--502--8. 159 pages

\aidaeval{\input{\aidapath/db/projects/psi/1stpaper/hhb93}}",
  OPTannote = 	 ""
}
@Book{aida:gp82,
  author = 	 "Gunnar Pihlgren",
  title = 	 "{Bedre offentlig service}",
  publisher = 	 "Kommuneinformation",
  year = 	 "1982",
  OPTkey = 	 "",
  OPTeditor = 	 "",
  OPTvolume = 	 "",
  OPTnumber = 	 "",
  OPTseries = 	 "",
  address = 	 "Sommerstedgade 7, DK--1718 K{\o}benhavn V
                  (1982)",
  OPTedition = 	 "",
  OPTmonth = 	 "",
  note = 	 "Oversat fra Svensk: 
                  B{\"a}ttre service i offentlig verkamhet.
                  ISBN 87--7316--293--0. 31 pages

\aidaeval{\input{\aidapath/db/projects/psi/1stpaper/gp82}}",
  OPTannote = 	 ""
}
@Book{aida:jg84,
  title = 	 "{Debat om Offentlig Service}",
  publisher = 	 "Danmarks forvaltningsh{\o}jskole",
  year = 	 "1984",
  OPTkey = 	 "",
  editor = 	 "Jens Gunst",
  OPTvolume = 	 "",
  OPTnumber = 	 "",
  OPTseries = 	 "",
  address = 	 "Kommunetryk, Sommerstedgade 7,
                  DK--1718 K{\o}benhavn V",
  OPTedition = 	 "",
  OPTmonth = 	 "",
  note = 	 "ISBN 87--7316--290--6. 159 pages.
                  19 co\--authors

\aidaeval{\input{\aidapath/db/projects/psi/1stpaper/jg84}}",
  OPTannote = 	 ""
}