


@Book{McCarthyBook,
  author = 	 "John McCarthy",
  title = 	 "{Formalization of Common Sense, papers
                   by John McCarthy}",
  publisher = 	 "Ablex, San Diego, Calif., USA",
  year = 	 "1990",
  OPTkey = 	 "",
  editor = 	 "V. Lifschitz",
  OPTvolume = 	 "",
  OPTnumber = 	 "",
  OPTseries = 	 "",
  OPTaddress = 	 "",
  OPTedition = 	 "",
  OPTmonth = 	 "",
  OPTnote = 	 "",
  OPTannote = 	 ""
}


@InProceedings{DSSA1,
  author = 	 "",
  title = 	 "{Domain Specific Software Architecture}",
  booktitle = 	 "{}",
  OPTcrossref =  "",
  OPTkey = 	 "",
  OPTeditor = 	 "",
  OPTvolume = 	 "",
  OPTnumber = 	 "",
  OPTseries = 	 "",
  OPTyear = 	 "",
  OPTorganization = "",
  OPTpublisher = "",
  OPTaddress = 	 "",
  OPTmonth = 	 "",
  OPTpages = 	 "",
  OPTnote = 	 "",
  OPTannote = 	 ""
}


@TechReport{DSSA2,
  author = 	 "",
  title = 	 "{Domain Specific Software Architecture}",
  institution =  "",
  year = 	 "",
  OPTkey = 	 "",
  OPTtype = 	 "",
  OPTnumber = 	 "",
  OPTaddress = 	 "",
  OPTmonth = 	 "",
  OPTnote = 	 "",
  OPTannote = 	 ""
}


@Article{DSSA3,
  author = 	 "",
  title = 	 "{Domain Specific Software Architecture}",
  journal = 	 "",
  year = 	 "",
  OPTkey = 	 "",
  OPTvolume = 	 "",
  OPTnumber = 	 "",
  OPTmonth = 	 "",
  OPTpages = 	 "",
  OPTnote = 	 "",
  OPTannote = 	 ""
}

@Article{DSSA4,
  author = 	 "",
  title = 	 "{Domain Specific Software Architecture}",
  journal = 	 "",
  year = 	 "",
  OPTkey = 	 "",
  OPTvolume = 	 "",
  OPTnumber = 	 "",
  OPTmonth = 	 "",
  OPTpages = 	 "",
  OPTnote = 	 "",
  OPTannote = 	 ""
}


@Book{SEIArch97,
  author = 	 "Len Bass and 
  Paul Clements and Rick
Kazman",
  title = 	 "{Software Architecture in Practice}",
  publisher = 	 "Addison\--Wesley",
  year = 	 "1997",
  OPTkey = 	 "",
  OPTeditor = 	 "",
  OPTvolume = 	 "",
  OPTnumber = 	 "",
  series = 	 "SEI Series",
  OPTaddress = 	 "",
  OPTedition = 	 "",
  OPTmonth = 	 "",
  OPTnote = 	 "",
  OPTannote = 	 ""
}


@Unpublished{McCLAI,
  author = 	 "John McCarthy",
  title = 	 "{Concepts of Logical AI}",
  note = 	 "Note, Stanford Univ., Comp.\ Sci.\
                  Dept.",
  OPTkey = 	 "",
  year = 	 "1997",
  month = 	 "Oct.\ 15",
  annote = 	 "19 pages. Available through:
{\tt http://www-formal.stanford.edu/jmc/}"
}


@Unpublished{McCarthy,
  author = 	 "John McCarthy",
  title = 	 "{CS323: Nonmonotonic Reasoning}",
  note = 	 "Stanford University Department of
                  Computer Science Lecture Notes,
                  Course 323, 14 lectures, 103 pages",
  OPTkey = 	 "",
  year = 	 "1997",
  OPTmonth = 	 "",
  OPTannote = 	 ""
}


@Unpublished{Lifschitz-1,
  author = 	 "V. Lifschitz",
  title = 	 "{An Introduction to Common Sense Reasoning}",
  note = 	 "Lecture Notes, Stanford 
           University and University of Texas at Austin", 
  OPTkey = 	 "",
  OPTyear = 	 "",
  OPTmonth = 	 "",
  OPTannote = 	 ""
}



@InCollection{Reiter,
  author = 	 "R. Reiter",
  title = 	 "{A Logic for Default Reasoning}",
  booktitle = 	 "{Readings in Nonmonotonic Reasoning}",
  OPTcrossref =  "",
  OPTkey = 	 "",
  OPTpublisher = "",
  OPTyear = 	 "",
  editor = 	 "Ginsberg",
  OPTvolume = 	 "",
  OPTnumber = 	 "",
  OPTseries = 	 "",
  OPTchapter = 	 "",
  OPTtype = 	 "",
  OPTaddress = 	 "",
  OPTedition = 	 "",
  OPTmonth = 	 "",
  OPTpages = 	 "",
  OPTnote = 	 "",
  OPTannote = 	 ""
}


@InCollection{NonMono,
  author = 	 "D. McDermott and S. Hanks",
  title = 	 "{Default Reasoning, Nonmonotic
                   Logic, and the Frame Problem}",
  booktitle = 	 "{Readings in Nonmonotonic Reasoning}",
  OPTcrossref =  "",
  OPTkey = 	 "",
  OPTpublisher = "",
  OPTyear = 	 "",
  editor = 	 "Ginsberg",
  OPTvolume = 	 "",
  OPTnumber = 	 "",
  OPTseries = 	 "",
  OPTchapter = 	 "",
  OPTtype = 	 "",
  OPTaddress = 	 "",
  OPTedition = 	 "",
  OPTmonth = 	 "",
  OPTpages = 	 "",
  OPTnote = 	 "",
  OPTannote = 	 ""
}


@InCollection{Lifschitz-2,
  author = 	 "V. Lifschitz",
  title = "{(1) Pointwise Circumscription,
            (2) On the Semantics of Strips}",
  booktitle = 	 "{Readings in Nonmonotonic Reasoning}",
  OPTcrossref =  "",
  OPTkey = 	 "",
  OPTpublisher = "",
  OPTyear = 	 "",
  editor = 	 "Ginsberg",
  OPTvolume = 	 "",
  OPTnumber = 	 "",
  OPTseries = 	 "",
  OPTchapter = 	 "",
  OPTtype = 	 "",
  OPTaddress = 	 "",
  OPTedition = 	 "",
  OPTmonth = 	 "",
  OPTpages = 	 "",
  OPTnote = 	 "",
  OPTannote = 	 ""
}

@Book{Carnap56,
  author = 	 "R. Carnap",
  title = 	 "{Meaning and Necessity}",
  publisher = 	 "University of Chicago Press",
  year = 	 "1947 (1956)",
  OPTnote = 	 "",
  OPTannote = 	 ""
}




@InCollection{Rapide1,
  author = 	 "D.C. Luckham",
  title = 	 "{Rapide: A Language and a Toolset for Simulation of Distributed Systems by Partial Orderings}",
  booktitle = 	 "{DIMACS Partial Order Methods Workshop}",
  OPTcrossref =  "",
  OPTkey = 	 "",
  OPTpublisher = "",
  OPTyear = 	 "",
  OPTeditor = 	 "",
  OPTvolume = 	 "",
  OPTnumber = 	 "",
  OPTseries = 	 "",
  OPTchapter = 	 "",
  OPTtype = 	 "",
  OPTaddress = 	 "",
  OPTedition = 	 "",
  OPTmonth = 	 "",
  OPTpages = 	 "",
  note = 	 "Princeton University, July 1996, 25 pages",
  OPTannote = 	 ""
}


@PhdThesis{Rapide2,
  author = 	 "John J. Kenney",
  title = 	 "{Executable Formal Models of Distributed
Systems based on Event Processing}",
  school = 	 "Stanford University, Computer Systems
Laboratory",
  year = 	 "1996",
  OPTkey = 	 "",
  OPTaddress = 	 "",
  OPTtype = 	 "",
  OPTmonth = 	 "",
  OPTnote = 	 "",
  OPTannote = 	 ""
}

@TechReport{Rapide3,
  author = 	 "D.C. Luckham and J. Vera and S. Meldal",
  title = 	 "{Three Concepts of Software Architecture}",
  institution =  "Stanford University, Computer Systems
Laboratory",
  year = 	 "",
  OPTkey = 	 "",
  type = 	 "Technical Report",
  OPTnumber = 	 "",
  OPTaddress = 	 "",
  OPTmonth = 	 "",
  OPTnote = 	 "",
  OPTannote = 	 ""
}

@Article{Rapide4,
  author = 	 "D.C. Luckham and J. Vera",
  title = 	 "{An Event--based 
                   Architecture Definitions Language}",
  journal = 	 "IEEE Transactions on Software Engineering",
  year = 	 "1995",
  OPTkey = 	 "",
  volume = 	 "21",
  number = 	 "9",
  month = 	 "Sept.",
  pages = 	 "717--734",
  OPTnote = 	 "",
  OPTannote = 	 ""
}



@Article{Rapide5,
  author = 	 "D.C. Luckham and J.J. Kenney and L.M. Augustin
                and J. Vera and D. Bryan and W. Mann",
  title = 	 "{Specification and Analysis of System 
              Architecture using Rapide}",
  journal = 	 "IEEE Transaction on Software Engineering",
  year = 	 "1995",
  OPTkey = 	 "",
  volume = 	 "21",
  number = 	 "4",
 month = 	 "April",
  pages = 	 "336--355",
  OPTnote = 	 "",
  OPTannote = 	 ""
}

@TechReport{MMoriconi4,
  author = 	 "M. Moriconi  and R.A.
             Rimenschneider",
  title = 	 "{Introduction to SADL~1,0:
 A Language for Specifying Software Architecture Hierarchies}",
  institution =  "SRI Intl., CSL: Compter Science Lab.",
  year = 	 "1997",
  OPTkey = 	 "",
  type = 	 "Technical Report",
  number = 	 "SRI\--CSL\--97\--01",
  OPTaddress = 	 "",
  month = 	 "March",
  note = 	 "33 pages",
  OPTannote = 	 ""
}


@InProceedings{MMoriconi1,
  author = 	 "M. Moriconi and Qian XiaoLei and R.A.
             Rimenschneider and Gong Li",
  title = 	 "{Secure Software Architectures}",
  booktitle = 	 "{Security and Privacy}",
  OPTcrossref =  "",
  OPTkey = 	 "",
  OPTeditor = 	 "",
  OPTvolume = 	 "",
  OPTnumber = 	 "",
  OPTseries = 	 "",
  year = 	 "May 4--7, 1997",
  OPTorganization = "",
  publisher = "IEEE Computer Society Press",
  OPTaddress = 	 "",
  OPTmonth = 	 "",
  OPTpages = 	 "",
  OPTnote = 	 "",
  OPTannote = 	 ""
}

@Article{MMoriconi2,
  author = 	 "M. Moriconi and Qian XiaoLei and R.A.
             Rimenschneider",
  title = 	 "{Correct Architecture Refinement}",
  journal = 	 "IEEE Transactions on Software Engineering",
  year = 	 "1995",
  OPTkey = 	 "",
  volume = 	 "21",
  number = 	 "4",
  month = 	 "April",
  pages = 	 "356--372",
  OPTnote = 	 "",
  OPTannote = 	 ""
}

@InProceedings{MMoriconi3,
  author = 	 "M. Moriconi and Qian XiaoLei",
  title = 	 "{Correctness and Composition of
                  Software Architectures}",
  booktitle = 	 "{ACM SIGSOFT'94 Symposium on Foundations
                   of Software Engineering}",
  OPTcrossref =  "",
  OPTkey = 	 "",
  OPTeditor = 	 "",
  OPTvolume = 	 "",
  OPTnumber = 	 "",
  OPTseries = 	 "",
  year = 	 "1994",
  OPTorganization = "",
  publisher = "ACM SigSoft",
  address = 	 "New Orleans, Louisiana",
  month = 	 "December",
  pages = 	 "164--174",
  OPTnote = 	 "",
  OPTannote = 	 ""
}


@Article{McC89,
  author = 	 "John McCarthy",
  title = 	 "{Circumscription}",
  journal = 	 "Artificial Intelligence",
  year = 	 "1980",
  OPTkey = 	 "",
  volume = 	 "13",
  number = 	 "",
  OPTmonth = 	 "",
  pages = 	 "27--39",
  OPTnote = 	 "See also \cite{McCarthyBook}",
  OPTannote = 	 ""
}


@InCollection{Gelfond91,
  author = 	 "M. Gelfond and V. Lifscitz and A. Rabinov",
  title = 	 "{What are the limitations of the situation
                   calculus}",
  booktitle = 	 "{Automated Reasoning: Essays in Honour of
                   Woody Bledsoe}",
  OPTcrossref =  "",
  OPTkey = 	 "",
  OPTpublisher = "Kluwer Academic, Dordrecht, The Netherlands",
  year = 	 "1991",
  editor = 	 "Robert Boyer",
  OPTvolume = 	 "",
  OPTnumber = 	 "",
  OPTseries = 	 "",
  OPTchapter = 	 "",
  OPTtype = 	 "",
  OPTaddress = 	 "",
  OPTedition = 	 "",
  OPTmonth = 	 "",
  pages = 	 "167--179",
  OPTnote = 	 "",
  OPTannote = 	 ""
}

