@Book{Henn-a-Patt1,
  author = 	 "Hennesy and Patterson",
  title = 	 "{Computer Organisations}",
  publisher = 	 "Addison Wesley",
  year = 	 "1985",
  OPTkey = 	 "",
  OPTeditor = 	 "",
  OPTvolume = 	 "",
  OPTnumber = 	 "",
  OPTseries = 	 "",
  OPTaddress = 	 "",
  OPTedition = 	 "",
  OPTmonth = 	 "",
  OPTnote = 	 "",
  OPTannote = 	 ""
}

@Book{Henn-a-Patt2,
  author = 	 "Hennesy and Patterson",
  title = 	 "{Computer Architectures}",
  publisher = 	 "Addison Wesley",
  year = 	 "1989",
  OPTkey = 	 "",
  OPTeditor = 	 "",
  OPTvolume = 	 "",
  OPTnumber = 	 "",
  OPTseries = 	 "",
  OPTaddress = 	 "",
  OPTedition = 	 "",
  OPTmonth = 	 "",
  OPTnote = 	 "",
  OPTannote = 	 ""
}

@Article{AmdBlaaBroo64,
  author = 	 "Gene Amdahl and Gerrit Blaauw 
                  and Frederik Brooks",
  title = 	 "{The IBM System/360 Architecture}",
  journal = 	 "IBM Systems Journal",
  year = 	 "1964",
  OPTkey = 	 "",
  OPTvolume = 	 "",
  OPTnumber = 	 "",
  OPTmonth = 	 "",
  OPTpages = 	 "",
  OPTnote = 	 "",
  OPTannote = 	 ""
}

