@book{Frege:1994,
author={Gottlob Frege},
title={Funktion, Begriff, Bedeutung},
publisher={Vandenhoeck \& Ruprecht in G\"{o}ttingen},
year={1994}}

@incollection{Frege:1994c,
author={Gottlob Frege},
title={On Concept and Object (\"{U}ber Begriff und Gegenstand)},
booktitle={Funktion und Begriff},
publisher={Vandenhoeck \& Ruprecht in G\"{o}ttingen},
year={1994}}

@incollection{Frege:1994b,
author={Gottlob Frege},
title={\"{U}ber Begriff und Gegenstand},
booktitle={Funktion, Begriff, Bedeutung},
publisher={Vandenhoeck \& Ruprecht in G\"{o}ttingen},
year={1892}}


@book{Shapiro:1997,
author={Stewart Shapiro},
title={Philosophy of Mathematics --- structure and ontology},
publisher={Oxford University Press},
year={1997}}

@inbook{Alexander:1979,
author={Christopher Alexander},
title={The Timeless Way of Building},
chapter={A Pattern Language},
publisher={Oxford University Press, New York},
year={1979}}

@inbook{Alexander:1964,
author={Christopher Alexander},
title={Notes on the Synthesis of Form},
chapter={The Unselfconscious Process, The Selfconscious Process},
publisher={Oxford University Press, New York},
year={1979}}

@article{Randall:1997,
author={Allan F. Randall},
title={Logic, Idealism and Materialism in Early and Late Wittgenstein},
year={1997}}

@book{Lacey:2000,
author={A. R. Lacey},
title={A {D}ictionary of {P}hilosophy},
publisher={Routledge},
edition={Third},
year={2000}}

@book{Mellor:1997,
editor={D. H. Mellor and Alex Oliver},
title={Properties},
publisher={Oxford University Press},
series={Oxford Readings in Philosophy},
year={1997}}

@incollection{Mellor-Properties:1997,
author={D.H.Mellor and Alex Oliver},
title={Introduction},
booktitle={Properties},
publisher={Oxford University Press},
series={Oxford Readings in Philosophy},
editor={D.H.Mellor and Alex Oliver},
year={1997}}

@incollection{Frege-Properties:1997,
author={Gottlob Frege},
title={Function and Concept},
booktitle={Properties},
publisher={Oxford University Press},
series={Oxford Readings in Philosophy},
editor={D.H.Mellor and Alex Oliver},
pages={34-44},
year={1891}}




@incollection{Russell-WU-Properties:1997,
author={Bertrand Russell},
title={The World of Universals},
booktitle={Properties},
publisher={Oxford University Press},
series={Oxford Readings in Philosophy},
editor={D.H.Mellor and Alex Oliver},
pages={45-50},
year={1997}}

@incollection{Russell-KU-Properties:1997,
author={Bertrand Russell},
title={On our Knowledge of Universals},
booktitle={Properties},
publisher={Oxford University Press},
series={Oxford Readings in Philosophy},
editor={D.H.Mellor and Alex Oliver},
pages={51-56},
year={1997}}

@incollection{Ramsey-Properties:1997,
author={F. P. Ramsey},
title={Universals},
booktitle={Properties},
publisher={Oxford University Press},
series={Oxford Readings in Philosophy},
editor={D.H.Mellor and Alex Oliver},
year={1997}}
              
@incollection{Quine-Properties:1997,
author={W. V. Quine},
title={On What There Is},
booktitle={Properties},
publisher={Oxford University Press},
series={Oxford Readings in Philosophy},
editor={D.H.Mellor and Alex Oliver},
year={1997}}

@incollection{Jackson-Properties:1997,
author={Frank Jackson},
title={Statements about Universals},
booktitle={Properties},
publisher={Oxford University Press},
series={Oxford Readings in Philosophy},
editor={D.H.Mellor and Alex Oliver},
year={1997}}

@incollection{Devitt-Properties:1997,
author={Michael Devitt},
title={'Ostrich Nominalism' or 'Mirage Realism'},
booktitle={Properties},
publisher={Oxford University Press},
series={Oxford Readings in Philosophy},
editor={D.H.Mellor and Alex Oliver},
year={1997}}

@incollection{Armstrong-Properties:1997,
author={D. M. Armstrong},
title={Against 'Ostrich' Nominalism: A Reply to Michael Devitt},
booktitle={Properties},
publisher={Oxford University Press},
series={Oxford Readings in Philosophy},
editor={D.H.Mellor and Alex Oliver},
year={1997}}

@incollection{Williams-Properties:1997,
author={Donald C. Williams},
title={On the Elements of Being: I},
booktitle={Properties},
publisher={Oxford University Press},
series={Oxford Readings in Philosophy},
editor={D.H.Mellor and Alex Oliver},
year={1997}}

@incollection{Campbell-Properties:1997,
author={Keith Campbell},
title={The Metaphysics of Abstract Particulars},
booktitle={Properties},
publisher={Oxford University Press},
series={Oxford Readings in Philosophy},
editor={D.H.Mellor and Alex Oliver},
year={1997}}

@incollection{Daly-Properties:1997,
author={Chris Daly},
title={Tropes},
booktitle={Properties},
publisher={Oxford University Press},
series={Oxford Readings in Philosophy},
editor={D.H.Mellor and Alex Oliver},
year={1997}}

@incollection{Armstrong-P-Properties:1997,
author={D. M. Armstrong},
title={Properties},
booktitle={Properties},
publisher={Oxford University Press},
series={Oxford Readings in Philosophy},
editor={D.H.Mellor and Alex Oliver},
year={1997}}

@incollection{Lewis-Properties:1997a,
author={David Lewis},
title={Modal Realism at Work: Properties},
booktitle={Properties},
publisher={Oxford University Press},
series={Oxford Readings in Philosophy},
editor={D.H.Mellor and Alex Oliver},
year={1997}}

@incollection{Lewis-Properties:1997b,
author={David Lewis},
title={New Work for a Theory of Universals},
booktitle={Properties},
publisher={Oxford University Press},
series={Oxford Readings in Philosophy},
editor={D.H.Mellor and Alex Oliver},
pages={188-228},
year={1997}}

@incollection{Shoemaker-Properties:1997,
author={Sydney Shoemaker},
title={Causality and Properties},
booktitle={Properties},
publisher={Oxford University Press},
series={Oxford Readings in Philosophy},
editor={D.H.Mellor and Alex Oliver},
pages={228-254},
year={1997}}

@incollection{Mellor-PP-Properties:1997,
author={D. H. Mellor},
title={Properties and Predicates},
booktitle={Properties},
publisher={Oxford University Press},
series={Oxford Readings in Philosophy},
editor={D.H.Mellor and Alex Oliver},
year={1997}}

@book{Benacerraf:1985a,
author={Paul Benacerraf and Hilary Putnam},
title={Philosophy of mathematics},
publisher={Cambridge University Press},
year={1985}}

@incollection{Carnap:1985a,
author={Rudolf Carnap},
title={The logicist foundations of mathematics},
booktitle={Philosophy of mathematics},
publisher={Cambridge University Press},
editor={Rudolf Carnap and Hilary Putnam},
year={1985}}

@incollection{Heyting:1985a,
author={Arend Heyting},
title={The intuitionist foundation of mathematics [Die intuinistische Grundlegung der Mathematik]},
booktitle={Philosophy of mathematics},
publisher={Cambridge University Press},
editor={Rudolf Carnap and Hilary Putnam},
year={1985}}

@incollection{Neumann:1985,
author={Johann von Neumann},
title={The formalist foundations of mathematics},
booktitle={Philosophy of mathematics},
publisher={Cambridge University Press},
editor={Rudolf Carnap and Hilary Putnam},
year={1985}}

@incollection{Heyting:1985b,
author={Arend Heyting},
title={Disputation},
booktitle={Philosophy of mathematics},
publisher={Cambridge University Press},
editor={Rudolf Carnap and Hilary Putnam},
year={1985}}

@incollection{Brouwer:1985a,
author={L. E. J. Brouwer},
title={Intuitionism and formalism},
booktitle={Philosophy of mathematics},
publisher={Cambridge University Press},
editor={Rudolf Carnap and Hilary Putnam},
year={1985}}

@incollection{Brouwer:1985b,
author={L. E. J. Brouwer},
title={Consciousness, philosophy, and mathematics},
booktitle={Philosophy of mathematics},
publisher={Cambridge University Press},
editor={Rudolf Carnap and Hilary Putnam},
year={1985}}

@incollection{Dummett:1985,
author={Michael Dummett},
title={The philosophical basis of intuitionistic logic},
booktitle={Philosophy of mathematics},
publisher={Cambridge University Press},
editor={Rudolf Carnap and Hilary Putnam},
year={1985}}

@incollection{Frege:1985,
author={Gottlob Frege},
title={The concept of number},
booktitle={Philosophy of mathematics},
publisher={Cambridge University Press},
editor={Rudolf Carnap and Hilary Putnam},
year={1985}}

@incollection{Russell:1985,
author={Bertrand Russell},
title={\emph{Selections from} Introduction to Mathematical Philosophy},
booktitle={Philosophy of mathematics},
publisher={Cambridge University Press},
editor={Rudolf Carnap and Hilary Putnam},
year={1985}}

@incollection{Hilbert:1985,
author={David Hilbert},
title={On the infinite},
booktitle={Philosophy of mathematics},
publisher={Cambridge University Press},
editor={Rudolf Carnap and Hilary Putnam},
year={1985}}

@incollection{Curry:1985,
author={Haskell B. Curry},
title={Remarks on the definition and nature of mathematics},
booktitle={Philosophy of mathematics},
publisher={Cambridge University Press},
editor={Rudolf Carnap and Hilary Putnam},
year={1985}}

@incollection{Kreisel:1985,
author={Georg Kreisel},
title={Hilbert's programme},
booktitle={Philosophy of mathematics},
publisher={Cambridge University Press},
editor={Rudolf Carnap and Hilary Putnam},
year={1985}}

@incollection{Carnap:1985b,
author={Rudolf Carnap},
title={Empiricism, semantics, and ontology},
booktitle={Philosophy of mathematics},
publisher={Cambridge University Press},
editor={Rudolf Carnap and Hilary Putnam},
year={1985}}

@incollection{Bernays:1985,
author={Paul Bernays},
title={On platonism in mathematics},
booktitle={Philosophy of mathematics},
publisher={Cambridge University Press},
editor={Rudolf Carnap and Hilary Putnam},
year={1985}}

@incollection{Benacerraf:1985b,
author={Paul Benacerraf},
title={What numbers could not be},
booktitle={Philosophy of mathematics},
publisher={Cambridge University Press},
editor={Rudolf Carnap and Hilary Putnam},
year={1985}}

@incollection{Putnam:1985a,
author={Hilary Putnam},
title={Mathematics without foundations},
booktitle={Philosophy of mathematics},
publisher={Cambridge University Press},
editor={Rudolf Carnap and Hilary Putnam},
year={1985}}

@incollection{Ayer:1985,
author={Alfred Jules Ayer},
title={The \emph{a priori}},
booktitle={Philosophy of mathematics},
publisher={Cambridge University Press},
editor={Rudolf Carnap and Hilary Putnam},
year={1985}}

@incollection{Quine:1985a,
author={W. V. Quine},
title={Truth by convention},
booktitle={Philosophy of mathematics},
publisher={Cambridge University Press},
editor={Rudolf Carnap and Hilary Putnam},
year={1985}}

@incollection{Quine:1985b,
author={W. V. Quine},
title={Carnap and logical truth},
booktitle={Philosophy of mathematics},
publisher={Cambridge University Press},
editor={Rudolf Carnap and Hilary Putnam},
year={1985}}

@incollection{Hempel:1985,
author={Carl G. Hempel},
title={On the nature of mathematical truth},
booktitle={Philosophy of mathematics},
publisher={Cambridge University Press},
editor={Rudolf Carnap and Hilary Putnam},
year={1985}}

@incollection{Poincare:1985,
author={Henri Poincare},
title={On the nature of mathematical reasoning},
booktitle={Philosophy of mathematics},
publisher={Cambridge University Press},
editor={Rudolf Carnap and Hilary Putnam},
year={1985}}

@incollection{Benacerraf:1985c,
author={Paul Benacerraf},
title={Mathematical truth},
booktitle={Philosophy of mathematics},
publisher={Cambridge University Press},
editor={Rudolf Carnap and Hilary Putnam},
year={1985}}

@incollection{Putnam:1985b,
author={Hilary Putnam},
title={Models and reality},
booktitle={Philosophy of mathematics},
publisher={Cambridge University Press},
editor={Rudolf Carnap and Hilary Putnam},
year={1985}}

@incollection{Godel:1985a,
author={Kurt G\"{o}del},
title={Russell's Mathematical Logic},
booktitle={Philosophy of mathematics},
publisher={Cambridge University Press},
editor={Rudolf Carnap and Hilary Putnam},
year={1985}}

@incollection{Godel:1985b,
author={Kurt G\"{o}del},
title={What is Cantor's continuum problem?},
booktitle={Philosophy of mathematics},
publisher={Cambridge University Press},
editor={Rudolf Carnap and Hilary Putnam},
year={1985}}

@incollection{Boolos:1985,
author={George Boolos},
title={The iterative conception of set},
booktitle={Philosophy of mathematics},
publisher={Cambridge University Press},
editor={Rudolf Carnap and Hilary Putnam},
year={1985}}

@incollection{Parsons:1985,
author={Charles Parsons},
title={What is the iterative conception of set?},
booktitle={Philosophy of mathematics},
publisher={Cambridge University Press},
editor={Rudolf Carnap and Hilary Putnam},
year={1985}}

@incollection{Wang:1985,
author={Hao Wang},
title={The concept of set},
booktitle={Philosophy of mathematics},
publisher={Cambridge University Press},
editor={Rudolf Carnap and Hilary Putnam},
year={1985}}

@book{Austin:1976,
author={John Longshaw Austin},
title={How To Do Things With Words},
publisher={Oxford University Press},
year={1976},
edition={second}}

@book{Searle:1969,
author={John R.\ Searle},
title={Speech Act},
publisher={CUP},
year={1969}}

@article{Quine:?,
author={W.V.O. Quine},
title={Two Dogmas of Empiricism},
year={?}}

@misc{Galle-creativity:2001,
author={Per Galle},
title={Creativity as search},
note={Part of a collection of \emph{Online Aspect Reports} by the author},
year={2001}}

@incollection{Smith:1981,
author={Barry Smith and David Murray},
title={Logic, Form and Matter},
booktitle={The Aristotelian Society},
publisher={The Aristotelian Society},
volume={LV},
year={1981}}

@article{Caraher:2001,
author={Brian Caraher},
title={Telescoping Sense: Conflicting Root Metaphors in Frege's Theory of Meaning},
year={2001}}

@article{Gerstl:1996,
author={Peter Gerstl and Simone Pribbenow},
title={Midwinters, End Games, and Body Parts, A Classification of Part--Whole Relations},
journal={International Journal of Human-Computer Studies},
volume={43},
year={1996}}

@book{Gardenfors:2000,
author={Peter G\"{a}rdenfors},
title={Conceptual Spaces},
publisher={The MIT Press},
year={2000}}

@book{Moore:1993,
editor={A.W.Moore},
title={Meaning and Reference},
publisher={Oxford University Press},
series={Oxford Readings in Philosophy},
year={1993}}

@incollection{Moore:1993b,
author={A.W. Moore},
title={Introduction},
booktitle={Meaning and Reference},
publisher={Oxford University Press},
editor={Oxford Readings in Philosophy},
year={1993}}

@incollection{Frege-Meaning:1993,
author={Gottlob Frege},
title={On Sense and Reference},
booktitle={Meaning and Reference},
publisher={Oxford University Press},
series={Oxford Readings in Philosophy},
editor={A. W. Moore},
pages={23-42},
year={1892}}

@incollection{Frege:1993b,
author={Gottlob Frege},
title={Letter to Jourdain (originally extract from undated letter)},
booktitle={Meaning and Reference},
publisher={Oxford University Press},
editor={Oxford Readings in Philosophy},
year={1993}}

@incollection{Russell:1993,
author={Bertrand Russell},
title={Descriptions},
booktitle={Meaning and Reference},
publisher={Oxford University Press},
editor={Oxford Readings in Philosophy},
year={1993}}

@incollection{Strawson:1993,
author={P.F. Strawson},
title={On Referring},
booktitle={Meaning and Reference},
publisher={Oxford University Press},
editor={Oxford Readings in Philosophy},
year={1993}}

@incollection{Quine:1993,
author={W.V. Quine},
title={Mind and Verbal Dispositions},
booktitle={Meaning and Reference},
publisher={Oxford University Press},
editor={Oxford Readings in Philosophy},
year={1993}}

@incollection{Davidson:1993,
author={Donald Davidson},
title={Truth and Meaning},
booktitle={Meaning and Reference},
publisher={Oxford University Press},
editor={Oxford Readings in Philosophy},
pages={92-110},
year={1993}}

@incollection{McDowell:1993,
author={John McDowell},
title={On the Sense and Reference of a Proper Name},
booktitle={Meaning and Reference},
publisher={Oxford University Press},
editor={Oxford Readings in Philosophy},
year={1993}}

@incollection{Dummett:1993,
author={Michael Dummett},
title={What does the Appeal to Use Do for the Theory of Meaning?},
booktitle={Meaning and Reference},
publisher={Oxford University Press},
editor={Oxford Readings in Philosophy},
year={1993}}

@incollection{Putnam:1993,
author={Hilary Putnam},
title={Meaning and Reference},
booktitle={Meaning and Reference},
publisher={Oxford University Press},
editor={Oxford Readings in Philosophy},
year={1993}}

@incollection{Kripke:1993,
author={Saul Kripke},
title={Identity and Necessity},
booktitle={Meaning and Reference},
publisher={Oxford University Press},
editor={Oxford Readings in Philosophy},
year={1993}}

@incollection{Wiggins:1993,
author={David Wiggins},
title={Putnam's Doctrine of Natural Kind Words and Frege's Doctrines of Sense, Reference, and Extension: Can they Cohere?},
booktitle={Meaning and Reference},
publisher={Oxford University Press},
editor={Oxford Readings in Philosophy},
year={1993}}

@incollection{Evans;:1993,
author={Gareth Evans},
title={The Causal Theory of Names},
booktitle={Meaning and Reference},
publisher={Oxford University Press},
editor={Oxford Readings in Philosophy},
year={1993}}

@incollection{Dummett:1993b,
author={Michael Dummett},
title={Frege's Distinction between Sense and Reference},
booktitle={Meaning and Reference},
publisher={Oxford University Press},
editor={Oxford Readings in Philosophy},
year={1993}}

@incollection{McDowell:1993b,
author={John McDowell},
title={Wittgenstein on Following a Rule},
booktitle={Meaning and Reference},
publisher={Oxford University Press},
editor={Oxford Readings in Philosophy},
year={1993}}

@book{Balaguer:1998,
author={Mark Balaguer},
title={Platonism and Anti--Platonism in Mathematics},
publisher={Oxford University Press},
year={1998}}

@book{Ogden:1972,
author={C. K. Ogden and I. A. Richards},
title={The Meaning of Meaning. A Study of The Influence of Language upon Thought and of The Science of Symbolism},
edition={10\emph{th}},
publisher={Routledge \& Kegan Paul},
year={1972},
note={First published in 1923}}

@inbook{Ogden:1972b,
author={C. K. Ogden and I. A. Richards},
title={The Meaning of Meaning. A Study of The Influence of Language upon Thought and of The Science of Symbolism},
edition={10\emph{th}},
publisher={Routledge \& Kegan Paul},
year={1972},
note={First published in 1923},
chapter={1}}

@inbook{Cocchiarella:2001,
author={Nino B. Cocchiarella},
title={Axiomathes},
chapter={Logic and ontology},
publisher={Kluwer Academic Publishers},
year={2001},
pages={117-150}}

@book{Simons:1987,
author={Peter Simons},
title={Parts: A Study in Ontology},
publisher={Clarendon Press --- Oxford},
year={1987}}

@book{Bunge:1983,
author={Mario Bunge},
title={Epistemology and Methodology I: Exploring the World},
volume={5},
series={Treatise on Basic Philosophy},
publisher={Reidel, Dordrecht and Boston},
year={1983}}

@book{Bunge:1977,
author={Mario Bunge},
title={Ontology I: The Furniture of the World},
volume={3},
series={Treatise on Basic Philosophy},
publisher={Reidel, Dordrecht and Boston},
year={1977}}

@book{Bunge:1979,
author={Mario Bunge},
title={Ontology II: A World of Systems},
volume={4},
series={Treatise on Basic Philosophy},
publisher={Reidel, Dordrecht and Boston},
year={1979}}

@book{Bunge:1974a,
author={Mario Bunge},
title={Semantics II: Interpretation and Truth},
volume={2},
series={Treatise on Basic Philosophy},
publisher={Reidel, Dordrecht and Boston},
year={1974}}

@book{Bunge:1974b,
author={Mario Bunge},
title={Semantics I: Sense and Reference},
volume={1},
series={Treatise on Basic Philosophy},
publisher={Reidel, Dordrecht and Boston},
year={1974}}


@book{Simon:1981,
author={Herbert A. Simon},
title={The Sciences of the Artificial},
publisher={MIT Press, Cambridge},
year={1981}}

@book{Lewis:1986,
author={David Lewis},
title={On the Plurality of Worlds},
publisher={Blackwell Publishers},
year={1986}}

@book{Lewis:1973,
author={David Lewis},
title={Counterfactuals},
publisher={Blackwell Publishers},
year={1973}}


@book{Geoghegan:1996,
author={Vincent Geoghegan},
title={Ernst Bloch},
publisher={Routledge},
year={1996}}

@book{Shoemaker:1984,
author={Sidney Shoemaker},
title={Identity, cause, and mind},
publisher={Cambridge University Press},
year={1984}}

@book{Geach:2001,
author={Peter Geach},
title={God and the Soul},
publisher={St. Augustine's Press},
edition={Second},
year={2002}}


@book{Smith:1982,
author={David W. Smith and Ronald McIntyre},
title={Husserl and Intentionality: A Study of Mind, Meaning, and Language},
chapter={from II: Frege's Theory of Meaning and Reference},
publisher={Dordrecht and Boston: D. Reidel Publishing Co.},
year={1982}}

@article{Caraher:?,
author={Brian Caraher},
title={Telescoping sense: Conflicting root metaphors in Frege's theory of meaning},
year={?}}

@book{Kenny:2000,
author={Anthony Kenny},
title={Frege: An introduction to the Founder of Modern Analytic Philosophy},
publisher={Blackwell},
year={2000}}

@article{Russell:1905,
author={Bertrand Russell},
title={On Denoting},
journal={Mind 14},
pages={479-493},
year={1905}}

@book{CambridgeDic:1999,
editor={Robert Audi},
title={Cambridge Dictionary of Philosophy},
edition={second},
publisher={Cambridge University Press},
year={1999}}


@article{Eir:2003c,
title={On the notion of object aspects: {\em a mereological discussion}},
author={Asger Eir},
year={2003}}


@book{Wittgenstein:1975,
title={Tractatus Logico--Philosophicus},
author={Ludwig Wittgenstein},
publisher={Taylor \& Francis Books Ltd},
year={1921 (1975)}}

@book{Dummett:1991,
title={Frege. {P}hilosophy of language},
author={Michael Dummett},
publisher={Harvard University Press},
year={1991}}

@book{Jubien:1997,
title={Contemporary Metaphysics An Introduction},
author={Michael Jubien},
publisher={Blackwell Publishers},
series={Contemporary Philosophy},
year={1997}}

@inproceedings{Wright:1989,
title={Wittgenstein's Rule--following Considerations and the Central
Project of Theoretical Linguistics}, 
booktitle={Reflections on Chomsky}, 
publisher={Blackwell},
editor={Alexander George},
author={Crispin Wright},
year={1989}}

@InCollection{sep-artifact,
author={Risto Hilpinen},
title={Artifact},
booktitle={The Stanford Encyclopedia of Philosophy},
editor={Edward N. Zalta},
url={http://plato.stanford.edu/archives/spr1999/entries/artifact/},
year={Spring 1999},
publisher={The Metaphysics Research Lab. Stanford, CA 94305-4115}
}

@incollection{Carl:2001,
author={Wolfgang Carl},
title={Frege --- {A} {P}latonist or a {N}eo--{K}antist?},
booktitle={Building on {F}rege},
editor={Albert Newen and Ulrich Nortmann and Rainer Stuhlmann--Laeisz},
publisher={{CSLI} {P}ublications. {C}enter for the {S}tudy of {L}anguage and {I}nformation. {S}tanford, {California}},
year={2001}}

@incollection{Sainsbury:2001,
author={R. M. Sainsbury},
title={{S}ense {W}ithout {R}eference},
booktitle={Building on {F}rege},
editor={Albert Newen and Ulrich Nortmann and Rainer Stuhlmann--Laeisz},
publisher={{CSLI} {P}ublications. {C}enter for the {S}tudy of {L}anguage and {I}nformation. {S}tanford, {California}},
year={2001}}

@article{Tarski:1944,
author={Alfred Tarski},
title={The {S}emantic {C}onception of {T}ruth and the {F}oundations of {S}emantics},
journal={Philosophy and {P}henomenological {R}esearch},
volume={4},
year={1944}}

@incollection{Sosa-Causation:1993,
author={Ernest Sosa and Michael Tooley},
title={Introduction},
booktitle={Causation},
publisher={Oxford University Press},
series={Oxford Readings in Philosophy},
editor={Ernest Sosa and Michael Tooley},
year={1993}}


@book{Hofstadter:1979,
title={G\"{o}del, Escher, Back: an Eternal Golden Braid},
author={Douglas R.\ Hofstadter},
publisher={Basic Books, Inc.},
year={1979}}

@article{Chakravartty:2003,
author={Anjan Chakravartty},
title={The Dispositional Essentialist View of Properties and Laws},
journal={International Journal of Philosophical Studies},
volume={11(4)},
year={2003},
publisher={Taylor \& Francis Ltd},
pages={393--413}}

@inproceedings{Eir:2005a,
title={On the ontological foundation for relating requirements and designs of artefacts},
booktitle={Proceedings of the Society of Philosophy and Technology conference}, 
publisher={No printed proceedings},
editor={},
author={Asger Eir},
address="http://www.eir-home.dk/common/documents/designshoemaker.pdf",
year={2005}}
