@techreport{Arngrimsson:1991,
            author="Geir Arngr\'{\i}msson and Johan Vesterager",
        title="Overblik over standarden {ISO-STEP} samt erfaringer fra konkret anvendelse af standarden",
        institution="Department of process engineering, Technical University of Denmark",
      volume={1.1},
        year={1991}},
@inproceedings{Drogemuller:1995,
       author={R. Drogemuller and J. D. Smith},
       title={Cooperating {S}ystems for {D}esign and {M}anufacture: {STEP}ping out with {P}rolog},
       year={1995},
       booktitle={Proc.of the Third International Conference on the Practical Application of Prolog},
       address={Paris},
       pages={213-224}} 
       
@book{Muller:1997,
      title={Instant UML},
    author={Pierre--Alain Muller},
      publisher={WROX},
    year={1997}}    
@book{RAISE:1992,
      title={{T}he {RAISE} {S}pecification {L}anguage},
    author="RAISE Language Group, The",
    publisher={Prentice Hall, CRI A/S},
    year={1992}}    
@book{RAISE:1995,
  title={{T}he {RAISE} {D}evelopment {M}ethod},
  author="RAISE Method Group, {T}he",
  publisher={Prentice Hall, CRI A/S},
  year={1995}}
@book{Jackson:1995,
  title="Software Requirements \& Specifications --- a lexicon of practice, principles and prejudices",
    author={Michael Jackson},
  publisher={Addison--Wesley},
  year={1995}}
@techreport{Satchok:1997,
  title={Metropolitan In--street On--route Passenger Transport: Monitoring and Control},
  author={Geuorgui Satchok},
  institution={UNU/IIST},
  number={110},
  month={June},
  year={1997}}
@techreport{Bjorner1997,
  title={R \& D in Africa, Asia, Eastern Europe, and Latin America},
  author={Dines Bjørner},
  institution={UNU/IIST},
  number={90},
  month={August},
  year={1997}}
  
@techreport{Bjorner:1999,
  title={Software Engineering, A New Approach},
  author={Dines Bjørner},
  institution={Department for Information Technology, Technical University of Denmark},
  year={1999}}  
@inproceedings{Haxthausen:1999,
      title={Formal {D}evelopment and {V}erification of a {D}istributed {R}ailway {C}ontrol {S}ystem},
      author={Anne E. Haxthausen and Jan Peleska},
      booktitle={World Congress on Formal Methods (2)},
      pages={1546-1563},
      year={1999}}
      
@mastersthesis{Jansen1998,
      title={Software Architectures and Program Organisation},
      author={Crilles J. Jansen},
      school={Department of Computer Science, Technical University of Denmark},
      year={1998}}    
@techreport{Rischel1987,
      title={Konstruktion af formålsbundne systemer},
      author={Hans Rischel and Benny Graff Mortensen and A.P.Ravn},
      institution={Department of Computer Science, Technical University of Denmark},
      year={1987}}
@techreport{Bjorner1999-pimcacs,
      title={P$^{3}$IMCaCS: A Project/Production Planning, Information, Monitoring, Control \& Communication System},
      author={Dines Bjørner},
      institution={Department of Computer Science, Technical University of Denmark},
      year={1999}}
@misc{Bjorner-Civil:1999,
      title={Civil Engineering Specification Languages Enriching a Classical Engineering Field with Computing Science Concepts},
      author={Dines Bjørner},
      note={Unpublished},
      institution={Department of Information Technology, Technical University of Denmark},
      year={1999}}
      
@book{Palanque1997,
      title={Formal Methods in Human--Computer Interaction},
      author={Philippe Palanque and Fabio Patern\`{o}},
      publisher={Springer},
      year={1997}}
@article{Fowler1996,
      title={STEP Architecture and Methodology},
      author={Julian Fowler},
      note={http://www. pdtsolutions. co. uk/standard/ papers/ step/ archmeth.htm},
      year={1996}}
@book{Jensen1992,
      title={Coloured Petri Nets --- Basic Concepts, Analysis Methods and Practical Use},
      author={Kurt Jensen},
      publisher={Springer},
      volume={1},
      year={1992}}
@article{Bjorner_Briefing:2000,
author={Dines Bjørner},
title={Briefs and Description Documents},
journal={},
year={2000},
note={}}

@inproceedings{Drogemuller-design:1995,
author={Robin Drogemuller},
title={Modelling static and dynamic knowledge during design},
booktitle={CIB W78 Stanford Conference Programme, Information Technology in Construction},
year={1995}}

@article{Najjar-ISO_STEP:1996,
author={George Najjar and Robing Drogemuller},
title={{The Impacts of {ISO STEP} on the Quantity Surveying Profession}},
year={1996},
address={http://www.arch.USyd.edu.au/kode/aec/stepack/readings/robin/costeng.html}}

@mastersthesis{Eir-MT:2000,
author={Asger Eir},
title={A Semi--Semantic Document System for Construction Specifications},
school={Department of Information Technology, Technical University of Denmark},
year={2000}}

@article{Oliveira:1997,
author={J.N.Oliveira},
title={Formal Methods: The {CAMILA} Perspective},
year={1997}}

@inproceedings{Fowler:1995,
author={Julian Fowler},
title={{STEP Architecture and Methodology}},
booktitle={STEP Australia},
year={1995}}

@book{Celander:1999,
author={Lars Celander},
title={{STEP En skonsam men effektiv introduktion}},
publisher={Azelia AB},
year={1999}}

@inproceedings{Galle-SOFA:2000,
author={Per Galle},
title={Generating Concept Representations from examples using set--based notation},
booktitle={Advances in Computer-Based and Web-Based Collaborative Systems, InterSymp--2000},
pages={27-33},
year={2000}}

@article{Bjorner-method:2003,
title={``{W}hat is a {M}ethod ?'' {An Essay on Some Aspects of Software Engineering}},
chapter={9. Programming Methodology: {R}ecent {W}ork by {M}embers of {IFIP} {W}orking {G}roup 2.3},
author={Dines Bjørner},
journal={Programming methodology. Monographs in Computer Science},
editor={Annabelle Mc{I}ver and {C}arrol {M}organ},
pages={175--203},
isbn = {0-387-95349-3},
publisher={Springer Verlag, New York, USA},
year={2003}}

@book{Hoare:1997,
title={Unifying Theories of Programming},
author={C.A.R.Hoare and He Jifeng},
publisher={Preprint},
note={Includes extended abstract},
year={1997}}

@techreport{Bjorner-SE-Literacy:2001,
title={Models, Semiotics, Documents and Descriptions: Towards a Software Engineering Literacy},
author={Dines Bjørner},
institution={Informatics and Mathematical Modelling, Technical University of Denmark},
year={2003},
note={This paper is one of a series of papers currently being submitted for publication in \cite{Bjorner-thesebook:2004}}}

@article{Bjorner-protocol:2001,
title={On Formal Techniques in Protocol Engineering --- Example Challenges},
author={Dines Bjørner},
year={2001}}

@misc{Bjorner-method:2001,
title={On Definitions, Method \& Methodology},
author={Dines Bjørner},
year={2001}}

@article{Bjorner:1992,
author={Dines Bj{\o}rner and A. Haxthausen and K. Havelund},
title={Formal, {M}odel-oriented {S}oftware {D}evelopment {M}ethods --- {F}rom {VDM} to {ProCoS} \& from {RAISE} to {LaCoS}},
journal={Future Generation Computer Systems},
year={1991 and 1992},
volume={7}}

@inproceedings{Bjorner-Informatics:2000,
author={Dines Bjørner},
title={Informatics: A Truly Interdisciplinary Science -- Prospects for an Emerging World},
booktitle={Proc. AIT, Bangkok, Thailand; invited paper},
pages={71-84},
month={august},
year={2000}}

@inproceedings{Bjorner-domains:1997,
author={Dines Bjørner},
title={Domains as a Prerequisite for Requirements and Software: Domain Perspectives and Facets, Requirements Aspects and Software Views},
booktitle={Proceedings US DoD/ONR Workshop, Bernried},
month={October},
year={1997}}

@inbook{Van:2002,
editor={Hung Dang Van and Chris George and Tomasz Janowski and Richard Moore},
title="Specification Case Studies in RAISE",
chapter={Formalising Production Processes},
publisher={Springer},
year={2002},
series="FACIT"}

@inbook{Van:2002b,
editor={Hung Dang Van and Chris George and Tomasz Janowski and Richard Moore},
title="Specification Case Studies in RAISE",
chapter={Formalisation of Realm--Based Spatial Data Types},
publisher={Springer},
year={2002},
pages={259--286},
series="FACIT"}

@inproceedings{Bjorner-Railways:2002,
author={Dines Bjørner and Chris George and Søren Prehn},
title={Computing Systems for Railways --- A R\^{o}le for Domain Engineering. Invited paper},
booktitle={6th World Conference on Integrated Design \& Process Technology, Pasadena, California, USA},
month={June},
year={2002}}

@proceedings{UNU-IIST-10-Years,
editor={Chris George},
title={10$^{th}$ Anniversary of UNU/IIST Symposium. Lisboa, Portugal}, 
publisher = "Springer",
month={March},
year={2002}}
      
@article{Jackson:1997a,
  title={The meaning of requirements},
  author={Michael Jackson},
  journal={Annals of Software Engineering},
  volume={3},
  pages={5-21},
  publisher={J. C. Baltzer AG, Science Publishers},
  year={1997}}
  
@inproceedings{Jackson:1993,
  title={Domain Descriptions},
  author={Michael Jackson and Pamela Zave},
  booktitle={IEEE International Symposium on Requirements Engineering},
  pages={56-64},
  publisher={IEEE CS Press},
  year={1993}}
  
@article{Jackson:1994,
  title={Problems, methods and specialisation},
  author={Michael Jackson},
  journal={Software Engineering Journal},
  month={November},
  year={1994}}

@article{Arango:1994,
  title={A Brief Introduction to Domain Analysis},
  author={Guillermo Arango},
  journal={ACM},
  year={1994}}
  
@article{Iscoe:1991,
  title={Domain modeling for Software Engineering},
  author={Niel Iscoe and Gerald B. Williams and Guillermo Arango},
  journal={IEEE},
  year={1991}}
  
@article{Arango:1989,
  title={{DOMAIN ANALYSIS} --- From Art Form To Engineering Discipline},
  author={Guillermo Arango},
  journal={ACM},
  year={1989}}
  
@article{Dardenne:1993,
  title={Goal--directed Requirements Acquisition},
  author={Anne Dardenne and Axel Van Lamsweerde and Stephen Fickas},
  journal={Science of Computer Programming},
  volume={20},
  pages={3--50},
  year={1993}}
  
@inproceedings{Lamsweerde:2001,
  title={Goal-Oriented Requirements Engineering: A Guided Tour},
  author={Axel van Lamsweerde},
  booktitle={RE'01 - 5th IEEE International Symposium on Requirements Engineering, Toronto, August, Invited Paper},
  pages={249-263},
  year={2001}}
  
@article{Castro:2002,
  title={Towards Requirements--Driven Information Systems Engineering: The \emph{Tropos} Project},
  author={Jaelson Castro and Manuel Kolp and John Mylopoulos},
  journal={Information Systems},
  publisher={Elsevier},
  year={2002}}
  
@inproceedings{Henzinger:1991,
author={Thomas A. Henzinger and Zohar Manna and Amir Pnueli},
title={Timed Transition Systems},
booktitle={REX Workshop: Real--Time: Theory in Practice},
publisher={LUCS 600},
year={1991}}

@incollection{Dershowitz:1990,
author={Nachum Dershowitz and Jean--Pierre Jouannaud},
booktitle={Handbook of Theoretical Computer Science},
title={6 Rewrite systems},
volume={B: Formal Methods and Semantics},
pages={243-320},
year={1990},
editor={J. van Leeuwen},
publisher={North--Holland, Amsterdam}}

@inproceedings{Letier:2002,
title={Agent--{B}ased {T}actics for {G}oal--{O}riented {R}equirements {E}laboration},
author={Emmanuel Letier and Axel van Lamsweerde},
booktitle={ICSE'2002, 24th International Conference on Software Engineering},
publisher={ACM Press},
month={May},
year={2002}}

@inproceedings{Yu:1997,
title={Towards {M}odelling and {R}easoning {S}upport for {E}arly--{P}hase {R}equirements {E}ngineering},
author={Eric Yu},
booktitle={3rd IEEE Int.\ Symp.\ on Requirements Engineering (RE'97)},
month={January},
publisher={IEEE},
pages={226--235},
year={1997}}

@article{Yu:1996,
title={Using {G}oals, {R}ules and {M}ethods to {S}upport {R}easoning in {B}usiness {P}rocess {R}eengineering},
author={Eric Yu and John Mylopoulos},
journal={International Journal of Intelligent Systems in Accounting, Finance, and Management},
month={March},
publisher={John Wiley \& Sons},
volume={5(1)},
pages={1--13},
year={1996}}

@inproceedings{Lamsweerde:1991,
title={The {KAOS} {P}roject: {K}nowledge acquisition in automated specification of software},
author={A.\ Lambsweerde and A.\ Dardenne and F.\ Dubisy},
booktitle={Proceedings of the {AAAI} {S}pring {S} {S}eries, Stanford University},
month={March},
year={1991}}

@article{Opdahl:2002,
title={Ontological evaluation of the {UML} using the {B}unge--{W}and--{W}eber model},
author={Andreas L.\ Opdahl and Brian Henderson--Sellers},
journal={Software and Systems Modelling (SoSyM)},
pages={43--67},
year={2002}}

@inproceedings{Bjorner-ecommerce:2001,
title={Towards the {E}--{M}arket: {T}o understand the {E}--{M}arket we must first understand ``{T}he {M}arket''},
author={Dines Bjørner},
booktitle={Government {E}--{C}ommerce {D}evelopment},
publisher={Ningbo {S}cience \& {T}echnology Commission. Ningbo, Zhejian Province, China},
month={April},
year={2001}}

@inproceedings{Bjorner-market:2002,
author={Dines Bjørner},
title={Domain {M}odels of ``{T}he {M}arket'' -  in {P}reparation for {E}--{T}ransaction {S}ystems},
year={2002},
booktitle={Practical {F}oundations of {B}usiness and {S}ystem {S}pecifications},
editor={Haim Kilov and Ken Baclawski},
publisher={Kluwer {A}cademic {P}ress},
}
 
@inproceedings{Bjorner-triptych:2002,
title={An {O}ntology for a {T}rip{T}ych {F}ormal {S}oftware {D}evelopment {M}ethod},
author={Dines Bjørner},
booktitle={Radical {I}nnovations for {S}ystems and {S}oftware {E}ngineering, {T}he {M}onterey {W}orkships. Venice, Italy},
month={October},
publisher={Springer--Verlag},
year={2002}}

@inproceedings{Bjorner-triptych:1999,
title={{A} {T}riptych {S}oftware {D}evelopment {P}aradigm: {D}omain, {R}equirements and {S}oftware. {T}owards a {M}odel {D}evelopment of {A} {D}ecision {S}upport {S}ystem for {S}ustainable {D}evelopment},
author={Dines Bjørner},
editors={ErnstR\"{u}diger Olderog and Bernhard Steffen},
booktitle={Festschrift for Hans Langmaack: Correct Systems Design: Recent Insight and Advances},
volume={1710 of Lecture Notes in Computer Science},
pages={29--60},
publisher={Springer--Verlag},
month={October},
year={1999}}

@book{Booch:1998,
title={The Unified Modeling Language User Guide},
author={Grady Booch and Jim Rumbaugh and Ivar Jacobson},
publisher={Addison--Wesley},
year={1998}}

@book{Meyer:1998,
author = {Bertrand Meyer},
title = {Object-Oriented Software Construction},
year = {1988},
isbn = {0136290493},
publisher = {Prentice-Hall, Inc.}}

@book{Back:1998,
author={Ralph--Johan Back and Abo Akademi and J. von Wright and F. B. Schneider},
title={Refinement Calculus: A Systematic Introduction},
year={1998},
isbn={0387984178},
publisher={Springer--Verlag New York, Inc.}}

@techreport{Morgan:1988,
author={Carroll Morgan and Ken Robinson and Paul Gardiner},
title={On the {R}efinement {C}alculus},
type={Technical Monograph},
institution={Oxford {U}niversity {C}omputing {L}aboratory},
address={Wolfson Building, Parks Road, Oxford, UK},
month={October},
year={1988},
isbn={0--902928--52--X}}

@article{Wright:1994,
author={Joakim von Wright},
title={The Lattice of Data Refinement},
journal={Acta Informatica},
volume={31},
number={2},
pages={105--135},
year={1994}}

@article{Back:1980,
author={Ralph--Johan Back},
title={Correctness {P}reserving {P}rogram {R}efinements: {P}roof {T}heory and {A}pplications},
journal={Mathematical Center Tracts.},
volume={131},
publisher={Mathematical Centre, Amsterdam},
year={1980}}

@techreport{Bjorner-fisics:2002,
author={Dines Bjørner},
title={Financial Service Institutions:
       Banks, Securities Trading, Insurance, {\em \&c.}
       Towards a Domain Theory for Work Flow Systems},
institution={Informatics and Mathematical Modelling, Technical University of Denmark},
year={2003},
note={This paper is one of a series of papers currently being submitted for publication in \cite{Bjorner-thesebook:2004}}}

@techreport{Bjorner-logi:2002,
author={Dines Bjørner},
title={Logistics. Towards a Domain Theory for Work Flow Systems},
institution={Informatics and Mathematical Modelling, Technical University of Denmark},
year={2003},
note={This paper is one of a series of papers currently being submitted for publication in \cite{Bjorner-thesebook:2004}}}

@techreport{Bjorner-health:2003,
author={Dines Bjørner},
title={Health\---care Systems. Towards a Domain Theory for Work Flow Systems},
institution={Informatics and Mathematical Modelling, Technical University of Denmark},
year={2003},
note={This paper is one of a series of papers currently being submitted for publication in \cite{Bjorner-thesebook:2004}}}

@inproceedings{Bjørner-railnet:2003,
author={Dines Bjørner},
title={Dynamics of Railway Nets: On an Interface between Automatic Control and Software Engineering}, 
booktitle={CTS2003: 10th IFAC Symposium on Control in Transportation Systems}, 
year={2003},
publisher={Elsevier Science Ltd.},
address={Oxford, UK},
month={August 4-6},
note={Symposium held at Tokyo, Japan. Editors: S. Tsugawa and M. Aoki}}

@techreport{Bjorner-pimacs:2003,
author={Dines Bjørner},
title={Projects \& Production: Planning, Plans \& Execution. Towards a Domain Theory for Work Flow Systems},
institution={Informatics and Mathematical Modelling, Technical University of Denmark},
year={2003},
note={This paper is one of a series of papers currently being submitted for publication in \cite{Bjorner-thesebook:2004}}}

@inproceedings{Bjorner-airtraffic:1995,
author={Dines Bjørner},
title={Software Systems Engineering --- From Domain Analysis to Requirements Capture: An Air Traffic Control Example},
year={1995},
month={6--9 December},
publisher={IEEE Computer Society},
booktitle={2nd Asia-Pacific Software Engineering Conference (APSEC '95)},
note={Brisbane, Queensland, Australia}}

@inproceedings{Bjorner-zohar:03,
author={Dines Bjørner},
title={Domain Engineering: A ``Radical Innovation'' for Systems and Software Engineering~?},
booktitle={Verification: Theory and Practice},
series={Lecture Notes in Computer Science},
volume={2772},
year={2003},
publisher={Springer--Verlag},
address={Heidelberg},
month={October 7--11},
note={The Zohar Manna International Conference, Taormina, Sicily 29 June -- 4 July 2003}}

@book{Bjorner-thesebook:2004,
author={Dines Bjørner},
title={Software Engineering},
publisher={Springer--Verlag},
year={2004--2005},
volume={Vol.~1: Abstraction and Modelling, Vol.~2: Advanced Specification Techniques, Vol.~3: From Domains via Requirements to Software, Vol.~4: Management},
note={Volumes 1--3 to be published either late 2004 or early 2005; Volume 4 planned}} 



@book{Bjorner-TheSEBook1:2006,
author       = "Dines Bj{\o}rner",
title        = "Software Engineering, Vol. 1: Abstraction and Modelling",
year         = "2006",
series       = "Texts in Theoretical Computer Science, EATCS Series",
publisher    = "Springer",
url          = "http://www2.imm.dtu.dk/pubdb/p.php?4130",
isbn_issn    = "3-540-21149-7"}


@book{Bjorner-TheSEBook2:2006,
author       = "Dines Bj{\o}rner",
title        = "Software Engineering, Vol 2: Specification of Systems and Languages",
year         = "2006",
series       = "Texts in Theoretical Computer Science, EATCS Series",
publisher    = "Springer",
url          = "http://www2.imm.dtu.dk/pubdb/p.php?4131",
isbn_issn    = "3-540-21150-0"}  
  
@book{Bjorner-TheSEBook3:2006,
author       = "D. Bj{\o}rner",
title        = "Software Engineering, Vol. 3: Domains, Requirements and Software Design",
year         = "2006",
series       = "Texts in Theoretical Computer Science, EATCS Series",
publisher    = "Springer",
url          = "http://www2.imm.dtu.dk/pubdb/p.php?4132",
isbn_issn    = "3-540-21151-9"}
   
@inproceedings{Eir-galois:2006,
title = {Relating civil engineering concepts intensionally by {G}alois connections},
author = {Asger Eir},
booktitle = {eWork and eBusiness in Architecture, Engineering, Construction, proceedings of the ECPPM 2006},
year = {2006},
pages = {247--254},
publisher = {Swets \& Zeitlinger Publishers}}

@inproceedings{Eir-galois-intensionaly:2007,
title = {{R}elating {D}omain {C}oncepts {I}ntensionally by {O}rdering {C}onnections},
author = {Asger Eir},
booktitle = {{F}ormal {M}ethods and {H}ybrid {R}eal-{T}ime {S}ystems},
publisher = {{S}pringer ({LNCS} {V}ol.~4700, Festschrift: Essays in Honour of Dines Bj{\o}rner and Zhou Chaochen on the Occasion of Their 70^{\em th} Birthdays},
year = {2007},
pages = {188--216}}

  
  
  
  
  
  
  
  
  
  
  
  
  
  
  
  
  