

@Book{B-Lano96a,
  author = 	 "Kevin Lano",
  title = "The B Language and Method: A guide to Practical Formal Development",
  publisher = "Springer Verlag",
  address = "London, UK",
  year = "1996",
  series = "FACIT",
  volume = "",
  note = ""}
	  	  
@Book{B-Lano96b,
  author = 	 "Kevin Lano and Howard Haughton",
  title = "Specification in B: An Introduction Using the B Toolkit",
  publisher = "Imperial College Press",
  address = "London, UK",
  year = "1996",
  series = "",
  volume = "",
  note = ""}
	  
	  
@Book{B-Wordsworth96b,
  author = 	 "John Wordsworth",
  title = "Software Engineering with B",
  publisher = "Addison--Wesley",
  address = "",
  year = "1996", month = "September",
  series = "",
  volume = "",
  note = ""}
	
 
	    	  
@Book{B-Habrias01a,
  author = 	 "Henri Habrias",
  title = "Sp{\'e}cification formelle avec B",
  publisher = "Editions Her{\`e}s -- Lavoisier",
  address = "Paris, France",
  year = "2001",
  series = "",
  volume = "",
  note = ""}
	    	  
@Book{B-Schneider01,
  author = 	 "Steve Schneider",
  title = "The B--Method: an Introduction",
  publisher = "Palgrave",
  address = "UK",
  year = "2001", month = "October",
  series = "Cornerstones of Computing",
  volume = "",
  note = "ISBN 0-333-79284-X"}

@inproceedings{Abrial-96b,
author    = "Jean--Raymond Abrial",
title     = "{Extending B without changing it}",
booktitle = "1$^{\mbos{{\rm st}}}$ Conference on the B Method",
editor    = "Henri Habrias",
publisher = "",
volume    = "",
number    = "",
pages     = "169--190",
year      = "1996",
month     = "November",
note      = ""}


@inproceedings{Abrial-02a,
author    = "Jean--Raymond Abrial and Dominique Cansell and Guy Lafitte",
title     = "{``Higher--Order'' Mathematics in B''}",
booktitle = "ZB'2002: Formal Specification and Development in Z and B",
editor    = "Didier Bert and Jonathan P. Bowen and M.C. Henson and Ken
		  Robinson",
publisher = "Springer--Verlag",
volume    = "2272", series = "Lecture Notes in Computer Science",
pages     = "370--393",
year      = "2002",
month     = "",
note      = ""}
