@Article{COMBINED,
  author = 	 {G. K{\"o}sters and H.-W. Six and J. Voss},
  title = 	 {Combined analysis of user interface and domain requirements},
  journal = 	 {Proccedings of ICRE '96},
  year = 	 1996,
  pages =	 {199-207}
}
@Article{PRIORITIZING,
  author = 	 {Joachim Karlsson},
  title = 	 {Software requirements prioritizing},
  journal = 	 {Proceddings of ICRE'96},
  year = 	 1996,
  pages =	 {110-116}
}

@Unpublished{PERFORMANCE,
  author = 	 {David Garlan and Bridget Spitznagel},
  title = 	 {Architecture-Based Performance Analysis},
  note = 	 { }
}
@TechReport{DERIVING,
  author = 	 {Rick Kazman and Len Bass},
  title = 	 {Toward Deriving Software Architectures From Quality Attributes},
  institution =  {CMU},
  year = 	 1994,
  key =		 {CMU/SEI-94-TR-10}
}
@Article{SAAM,
  author = 	 {Rick Kazman and Len Bass and Gregory Abowd and Mike Webb},
  title = 	 {SAAM:A Method for Analyzing the Properties of
		  Software Architectures},
  journal = 	 {Proceedings of the International Conference on Software Engineering},
  year = 	 1994
}
@Article{SCENARIO,
  author = 	 {Rick Kazman and Gregory Abowd and Len Bass and Paul Clements},
  title = 	 {Scenario-Based Analysis of Software Architecture},
  journal = 	 {IEEE Software},
  year = 	 1996,
  volume =	 13,
  number =	 6,
  month =	 {November}
}
@Book{BASS,
  author = 	 {Len Bass and Paul Clements and Rick Kazman},
  title = 	 {Software architecture in practice},
  publisher = 	 {Addison-Wesley},
  year = 	 1998
}
@Article{SECURESA,
  author = 	 {Mark Moriconi and Xiaolei Qian and
		  R. A. Riemenschneider and Li Gong},
  title = 	 {Secure Software Achitectures},
  journal = 	 {Proccedings of the 1997 IEEE Symposion on Security
		  and Privacy},
  year = 	 1997
}
@Article{CORRECTNESS,
  author = 	 {Mark Moriconi and Xiaolei Qian},
  title = 	 {Correctness and Composition of Software Architecture},
  journal = 	 {Proceedings of ACM SIGSOFT '94},
  year = 	 1994
}
@Article{ARCHREFINE,
  author = 	 {Mark Moriconi and Xiaolei Qian and R. A. Riemenschneider},
  title = 	 {Correct Architecture Refinement},
  journal = 	 {IEEE Transactions on Software Engineering},
  year = 	 1995,
  volume =	 21,
  number =	 4,
  month =	 {April},
  pages =	 {356-372}
}
@Book{RDM,
  author = 	 {The RAISE Method Group},
  title = 	 {The RAISE development method},
  publisher = 	 {Prentice Hall},
  year = 	 1995
}
@Article{CONNECTOR,
  author = 	 {Robert Allen and David Garlan},
  title = 	 {A formal basis for architectural connection},
  journal = 	 {ACM Transactions on Software Engineering and Methodology},
  year = 	 1997,
  volume =	 6,
  number =	 3,
  month =	 {July},
} 
@InProceedings{STYLES,
  author = 	 {Mary Shaw and Poul Clements},
  title = 	 {A field Guide to Boxology: Preliminary
		  Classification of Architectural Styles for Software Systems},
  booktitle = 	 {COMPSAC},
  year =	 1997
}
@Article{COMPARE,
  author = 	 {Mary Shaw},
  title = 	 {Comparing Architectural Design Styles},
  journal = 	 {IEEE Software},
  year = 	 1994,
  pages =	 {27-41}
}
@Article{PEDAGOGICAL,
  author = 	 {Will Tracz},
  title = 	 {DSSA(Domain-Specific Software Architecture)
		  Pedagogical Example},
  journal = 	 {Software Engineering Notes},
  year = 	 1995,
  volume =	 20,
  number =	 3,
  month =	 {July},
  pages =	 {49-62}
}
@PhdThesis{WRIGHT,
  author = 	 {Robert Allen},
  title = 	 {A Formal Approach to Software Architecture},
  school = 	 {Carnegie Mellon University},
  year = 	 1997,
  key =		 {CMU-CS-97-144}
}
@Article{SAGARLAN,
  author = 	 {David Garlan},
  title = 	 {Research Directions in Software Architecture},
  journal = 	 {ACM Computing Surveys},
  year = 	 1995,
  volume =	 27,
  number =	 2,
  month =	 {June},
  pages =	 {257-261}
}
@Unpublished{DM,
  author = 	 {Robert J. Might},
  title = 	 {Domain Models. What are they? How are They Used?},
  note = 	 { }
}
@Article{DSSAEPO,
  author = 	 {Will Tracz and Lou Coglianese and Patric Young},
  title = 	 {A Domain-Specific Software Architecture Engineering
		  Process Outline},
  journal = 	 {ACM SIGSOFT},
  year = 	 1993,
  volume =	 18,
  number =	 2,
  month =	 {April},
  pages =	 {40-49}
}

@TechReport{WEBDEFS,
  author = 	 {http://www.sei.cmu.edu/technology/architecture/definitions.html},
  title = 	 {What is software architecture},
  institution =  {CMU},
  year = 	 1997
}

@Book{BSADGMS,
  author = 	 {David Garlan and Mary Shaw}, 
  title = 	 {Software Architectures},
  publisher = 	 {Prentice Hall},
  year = 	 1997
}
@Article{DBAFSEP,
  author = 	 {Dines Bj\o rner},
  title = 	 {A Formal Software Engineering Paradigm: From Domain via Requirements to Software - Formal Specification \& Design Calculi},
  journal = 	 { },
  year = 	 1997
}

@TechReport{TRDBMFSI,
  author = 	 {Dines Bj\o rner},
  title = 	 {Models of Financial Service Institutions},
  institution =  {Department of Information Technology},
  year = 	 1997
}

@Article{DBARSC,
  author = 	 {Dines Bj\o rner and Chris W. George and Bo Stig Hansen and Hans Laustrup and S\o ren Prehn },
  title = 	 {A Railway System Coordination '97 Case Study Workshop Example},
  journal = 	 { },
  year = 	 1997
}

@InCollection{PW,
  author = 	 {D.E. Perry and A.L. Wolf},
  title = 	 {Foundations for the study of software architecture},
  booktitle = 	 { },
  publisher =	 {ACM},
  year =	 1992,
  pages =	 {40-52}
}

@InProceedings{IIS,
  author = 	 {Rick Kazman and Len Bass and Paul C. Clements},
  title = 	 {An Architectural Analysis Case Study: Internet Information Systems },
  booktitle = 	 {Software Architecture workshop preceding ICSE97},
  year =	 {April 1995}
}

@Unpublished{PARADIGM,
  author = 	 {Dines Bj\o rner},
  title = 	 {A Formal Software Engineering Paradigm: From Domains via Requirements to Software - Formal Specification and Design Calculi -},
  note = 	 { },
  year =	 1997,
  month =	 {September}
}

@Book{RAISE,
  author = 	 {The RAISE Language Group},
  title = 	 {The RAISE Specification Language},
  publisher = 	 {CRI A/S, Denmark},
  year = 	 {1992},
  OPTkey = 	 {},
  OPTeditor = 	 {},
  OPTvolume = 	 {},
  OPTnumber = 	 {},
  OPTseries = 	 {},
  OPTaddress = 	 {},
  OPTedition = 	 {},
  OPTmonth = 	 {},
  OPTnote = 	 {},
  OPTannote = 	 {}
}

@Article{DSSAAIS,
  author = 	 {Barbara Hayes-Roth and Karl Pfleger and Philippe
		  Lalanda, Philippe Morignot and Marko Balabanovic},
  title = 	 {A Domain-Specific Software Arcitecture for Adaptive
		  Intelligent Systems},
  journal = 	 {IEEE Transactions on software engineering},
  year = 	 1995,
  volume =	 21,
  number =	 4,
  month =	 {April},
  pages =	 {288 - 301}
}
