
@misc{cacm-casestudies,
	AUTHOR		= "Dines Bj{\o}rner",
	TITLE		= "{Domain Case Studies:
\begin{enumerate}
\item \label{cacm:case:debk} 2023: \sfsl{Double-entry Bookkeeping, A
      Sketch}, \tosemfootnote{http://www.imm.dtu.dk/\~{}dibj/2023/doubleentry/dblentrybook.pdf}
\item \label{cacm:case:nuclear} 2023: \sfsl{Nuclear Power Plants, A Domain Sketch}, 21 July, 2023
      \tosemfootnote{www.imm.\-dtu.\-dk/\~{}dibj/2023/nupopl/nupopl.pdf}
\item \label{cacm:case:shipping}  2021: \sfsl{Shipping}, April 2021.
      \tosemfootnote{www.imm.\-dtu.\-dk/\~{}dibj/\-2021/\-ral/\-ral.pdf}
\item \label{cacm:case:rivers}  2021: \sfsl{Rivers and Canals -- Endurants -- A Technical Note}, March 2021.
      \tosemfootnote{www.imm.\-dtu.\-dk/\~{}dibj/\-2021/\-Graphs/\-Ri\-vers-and-Ca\-nals.pdf}
\item \label{cacm:case:retail}  2021: \sfsl{A Retailer Market}, January 2021. 
      \tosemfootnote{www.imm.\-dtu.\-dk/\~{}dibj/\-2021/\-Re\-tail\-er/\-Bjorner\-Heraklit\-27\-January\-2021.pdf}
\item \label{cacm:case:ctp}  2019: \sfsl{Container Terminals}, ECNU, Shanghai, China
      \tosemfootnote{www.imm.\-dtu.\-dk/\~{}dibj/\-2018/\-yang\-shan/\-maersk-pa.pdf}
\item \label{cacm:case:docs}  2018: \sfsl{Documents: A Basis for
      Government}, United Nations Inst., Festschrift for Tomas Janowski and
      Elsa Estevez, Guimaraes, Portugal, October 2022;
      \tosemfootnote{www.imm.\-dtu.\-dk/\~{}dibj/2017/\-docs/\-docs.\-pdf}
\item \label{cacm:case:urban}  2017: \sfsl{Urban Planning}, TongJi Univ.,  Shanghai, China
      \tosemfootnote{www.imm.\-dtu.\-dk/\~{}dibj/\-2018/\-Bjor\-ner\-Ur\-ban\-Plan\-ning\-24\-Jan\-2018.pdf}
\item \label{cacm:case:drones}  2017: \sfsl{Swarms of Drones}, Inst.\ of Softw., Chinese Acad.\
      of Sci., Peking, China
      \tosemfootnote{www.imm.\-dtu.\-dk/\~{}dibj/2017/swarms/\-swarm\--pa\-per.pdf}
\item \label{cacm:case:road}  2013: \sfsl{Road Transport}, Techn. Univ. of Denmark
      \tosemfootnote{www.imm.\-dtu.\-dk/\~{}dibj/road-p.pdf}
\item \label{cacm:case:credit}  2012: \sfsl{Credit Cards}, Uppsala, Sweden
      \tosemfootnote{www.imm.\-dtu.\-dk/\~{}dibj/2016/\-cre\-dit/\-accs.\-pdf}
\item \label{cacm:case:weather}  2012: \sfsl{Weather Information}, Bergen, Norway
      \tosemfootnote{www.imm.\-dtu.\-dk/\~{}dibj/\-2016/\-wis/\-wis-p.\-pdf} 
\item \label{cacm:case:web}  2010: \sfsl{Web-based Transaction Processing}, Techn. Univ. of
      Vienna, Austria
      \tosemfootnote{www.imm.\-dtu.\-dk/\-\~{}dibj/\-wfdftp.pdf}
\item \label{cacm:case:tse}  2010: \sfsl{The Tokyo Stock Exchange}, Tokyo Univ., Japan
      \tosemfootnote{www.imm.\-dtu.\-dk/\~{}db/\-to\-dai/\-tse-1.\-pdf},
      and  \tosemfootnote{tse-2.\-pdf}
\item \label{cacm:case:pipeline}  2009: \sfsl{Pipelines}, FSEN 2023: Fundamentals of Software Engineering,
      Tehran, Iran, May 3--5; Springer LNCS 4155
      \tosemfootnote{www.imm.dtu.dk/~dibj/2022/tehran/pipe-p.pdf}
\item \label{cacm:case:container}  2007: \sfsl{A Container Line Industry Domain},  Techn. Univ. of Denmark
      \tosemfootnote{www.imm.\-dtu.\-dk/\~{}dibj/\-con\-tain\-er\--pa\-per.\-pdf}
\item  \label{cacm:case:market} 2002: \sfsl{The Market}, {Practical Foundations of Business and System
                  Specifications (Eds.: Haim Kilov and Ken Baclawski)},
		  Kluwer Academic Press, The Netherlands, December
      \tosemfootnote{www.imm.\-dtu.\-dk/\~{}dibj/\-the\-market.\-pdf}
\item  \label{cacm:case:train} 1995--2004: \sfsl{Railways},  Techn. Univ. of Denmark - a
      compendium \tosemfootnote{www.imm.\-dtu.\-dk/\~{}dibj/\-train\--book.pdf}
\end{enumerate}Experimental research reports carried out to ``discover'',
try-out and refine method principles, techniques and tools}",
institution = "{Technical University of Denmark}",
  ADDRESS       = "{Fredsvej 11, DK-2840 Holte, Denmark}",
	YEAR		= "2023"}
