

@misc{casestudies,
	AUTHOR		= "Dines Bj{\o}rner",
	TITLE		= "{Domain Case Studies:
\begin{itemize}
\item \sfsl{Container Terminal Port},
      \tosemfootnote{},
\item \sfsl{Container Line},
      \tosemfootnote{imm.dtu.dk/\~{}db/container-paper.pdf},
\item \sfsl{Stock Exchange},
      \tosemfootnote{imm.dtu.dk/\~{}db/todai/tse-1.pdf,
      imm.dtu.dk/\~{}db/todai/tse-2.pdf}, 
\item \sfsl{Documents},
      \tosemfootnote{imm.dtu.dk/\~{}dibj/2017/docs/docs.pdf}},
\item \sfsl{Pipelines},
      \tosemfootnote{imm.dtu.dk/\~{}dibj/pipe-p.pdf},
\item \sfsl{Railways},
      \tosemfootnote{imm.dtu.dk/\~{}dibj/albena.pdf,
   www2.imm.dtu.dk/\~{}dibj/martin.pdf,imm.dtu.dk/\~{}dibj/ifac-dynamics.pdf,
   imm.dtu.dk/\~{}dibj/dines-amore.pdf}, 
\item \sfsl{Road Transport},
      \tosemfootnote{imm.dtu.dk/\~{}dibj/road-p.pdf},
%\item \sfsl{Logistics}, \tosemfootnote{},
\item \sfsl{Urban Planning},
      \tosemfootnote{imm.dtu.dk/\~{}dibj/2017/up/urban-planning.pdf},
\item \sfsl{Swarms of Drones},
      \tosemfootnote{imm.dtu.dk/\~{}dibj/2017/swarms/swarm-paper.pdf},
\item \sfsl{Credit Cards},
      \tosemfootnote{imm.dtu.dk/\~{}dibj/2016/credit/accs.pdf},
\item \sfsl{Weather Information},
      \tosemfootnote{imm.dtu.dk/\~{}dibj/2016/wis/wis-p.pdf}},
\item \sfsl{Web-based Transaction Processing},
      \tosemfootnote{imm.dtu.dk/\~{}dibj/wfdftp.pdf},
\item \sfsl{The Market},
      \tosemfootnote{imm.dtu.dk/\~{}dibj/themarket.pdf}
\end{itemize}}", 
institution = "{Technical University of Denmark}",
  ADDRESS       = "{Fredsvej 11, DK-2840 Holte, Denmark}",
	YEAR		= "2016"}
