
 [1]
     CoFI.
     The Common Framework Initiative for algebraic specification and
     development, electronic archives.
     Notes and Documents accessible from http://www.brics.dk/Projects/CoFI.
 [20]
     CoFI Language Design Task Group.
     CASL - The CoFI Algebraic Specification Language - Summary.
     Documents/CASL/Summary, in [1], March 2001.
 [95]
     Peter D. Mosses.
     CoFI: The Common Framework Initiative for algebraic specification.
     Bull. EATCS, (59):127-132, June 1996.
 [96]
     Peter D. Mosses.
     CoFI: The Common Framework Initiative for Algebraic Specification and
     Development.
     In TAPSOFT'97, Proc. Intl. Symp. on Theory and Practice of Software
     Development, volume 1214 of LNCS, pages 115-137. Springer-Verlag, 1997.
 [98]
     Peter D. Mosses.
     CASL: A guided tour of its design.
     In Recent Trends in Algebraic Development Techniques, Proc. 13th
     International Workshop, WADT '98, Lisbon, 1998, Selected Papers, volume
     1589 of LNCS, pages 216-240. Springer-Verlag, 1999.
 [102]
     Michel Bidoit, Donald Sannella, and Andrzej Tarlecki.
     Architectural specifications in CASL.
     In AMAST'98, Proc. 7th Intl. Conference on Algebraic Methodology and
     Software Technology, Manaus, volume 1548 of LNCS, pages 341-357.
     Springer-Verlag, 1998.

A co-authored paper extending [98] has been accepted for publication
in TCS, but it probably won't appear until 2003...  A publishing
proposal for a comprehensive book on CASL should be ready this summer.
So neither of those are relevant for citations yet.

Quite a few more papers concerning CASL have already been published,
but not yet added to the bibliography.

Best,

-- Peter

PS I hope that you've received my letter with the tickets and list of
expenses, sent last week.

=========   ============================================================
==== ====   Peter D. Mosses                     mailto:pdmosses@brics.dk
=========   BRICS & Dept. of Computer Science   [= pdmosses@daimi.au.dk]
==== ====   University of Aarhus                http://www.brics.dk/~pdm
==== ====   Ny Munkegade, bldg. 540             telephone: +45 8942 3285
==== ====   DK-8000 Aarhus C, DENMARK           telefax:   +45 8942 3255

CoFI Document Bibliography v2.0
BibTeX source

Last updated: 7 June 2001 by Peter D. Mosses, pdmosses(a)brics.dk
- Mosses98WADT added

@string(CoFI = "{CoFI}")
@string(CoFI-LD = "{CoFI Language Design Task Group}")


@preamble("
  \providecommand{\CoFI}{CoFI}
  \providecommand{\CASL}{CASL}
  \providecommand{\cofiWWW}{http://www.brics.dk/Projects/CoFI}
  \providecommand{\cofiWWWpath}{http://www.brics.dk/Projects/CoFI}
  \providecommand{\cofiFTP}{ftp://ftp.brics.dk/Projects/CoFI}
  \providecommand{\url}[1]{#1}
  \providecommand{\href}[2]{#2}
  \providecommand{\cofiWWWref}[2]{\href{\cofiWWWpath/#1}{#2}}
  \providecommand{\cofiDocument}[1]
   {\cofiWWWref{Documents/#1/index.html}{Documents/#1}}
")


@misc(CoFI, 
 author = "CoFI",
 title  = "{The Common Framework Initiative}
           for algebraic specification and development, Electronic Archives",
 booktitle = "CoFI Archives",
 howpublished   = "Notes and Documents accessible from 
                   \url{http://www.brics.dk/Projects/CoFI/}")


@unpublished(CASL/Summary,
 author = CoFI-LD,
 title  = "{\CASL\ -- The \CoFI\ Algebraic Specification Language --
           Summary}",
 month  = oct,
 year   = "1998",
 note   = "\cofiDocument{CASL/Summary}, in \cite{CoFI}")

@article{Mosses96EATCS,
  author =       {Peter D. Mosses},
  title =        {{\CoFI}: The {Common Framework Initiative} for 
                   Algebraic Specification},
  journal =      {Bull. EATCS},
  year =         {1996},
  number =       {59},
  month =        jun,
  pages =        {127--132}
}

@inproceedings{Mosses97TAPSOFT,
  author =       {Peter D. Mosses},
  title =        {{\CoFI: The Common Framework Initiative for
                  Algebraic Specification and Development}},
  booktitle =    {TAPSOFT '97, Proc. Intl. Symp. on Theory and
                  Practice of Software Development},
  series =       {LNCS},
  volume =       {1214},
  publisher =    {Springer-Verlag},
  pages =        {115--137},
  year =         {1997},
  OPTnote =      "\cofiTentativeDocument{Mosses97TAPSOFT}, in
                  \cite{CoFI}"
}

@inproceedings{Mosses98WADT,
  author =       {Peter D. Mosses},
  title =        {{\CASL}: A Guided Tour of its Design},
  booktitle =    {Recent Trends in Algebraic Development Techniques,
                  Proc. 13th International Workshop, WADT '98, Lisbon,
                  1998, Selected Papers},
  OPTeditor =    {J. L. Fiadeiro},
  series =       {LNCS},
  volume =       {1589},
  pages =        {216--240},
  publisher =    {Springer-Verlag},
  year =         {1999},
}

@inproceedings{BidoitSannellaTarlecki98AMAST,
  author =       {Michel Bidoit and Donald Sannella and Andrzej
                  Tarlecki},
  title =        {Architectural Specifications in {\CASL}},
  booktitle =    {AMAST '98, Proc. 7th Intl. Conference on Algebraic
                  Methodology and Software Technology, Manaus},
  publisher =    {Springer-Verlag},
  series =       {LNCS},
  volume =       {1548},
  pages =        {341--357},
  year =         1998
}


Archives: http://www.brics.dk/Projects/CoFI/

----------------------------------------------------------
 
Also available at http://www.brics.dk/RS/98/43/. 

----------------------------------------------------------

Peter D. Mosses. 
CASL for ASF+SDF users. 
In ASF+SDF'97, 
volume ASFSDF-97 
Electronic Workshops in Computing
British Computer Society, 
http://www.ewic.org.uk/ewic/workshop/list.cfm, 1997. 
http://www.brics.dk/RS/97/49/.  

----------------------------------------------------------

Peter D. Mosses. 
CoFI: The Common Framework Initiative for Algebraic
      Specification and Development. 
TAPSOFT'97, 
volume 1214 of LNCS, 
pages 115-137. 
Springer-Verlag, 
      1997. 
Also available at http://www.brics.dk/RS/97/48/,
http://www.brics.dk/Projects/CoFI/Documents/Tentative/Mosses97TAPSOFT. 

----------------------------------------------------------


Peter D. Mosses. 
CoFI: The Common Framework Initiative for algebraic
		  specification. 
Bull. EATCS, 
(59):
127-132, 
June 
1996.
	
----------------------------------------------------------
	  
----------------------------------------------------------
	  
----------------------------------------------------------
	  