
@article{DBLP:journals/envsoft/DileDGSA16,
  author    = {Yihun T. Dile and
               Prasad Daggupati and
               Chris George and
               Raghavan Srinivasan and
               Jeffrey G. Arnold},
  title     = {Introducing a new open source {GIS} user interface for the {SWAT}
               model},
  journal   = {Environ. Model. Softw.},
  volume    = {85},
  pages     = {129--138},
  year      = {2016},
  url       = {https://doi.org/10.1016/j.envsoft.2016.08.004},
  doi       = {10.1016/j.envsoft.2016.08.004},
  timestamp = {Wed, 19 Feb 2020 20:46:30 +0100},
  biburl    = {https://dblp.org/rec/journals/envsoft/DileDGSA16.bib},
  bibsource = {dblp computer science bibliography, https://dblp.org}
}

@article{DBLP:journals/fac/PernaG13,
  author    = {Juan Ignacio Perna and
               Chris George},
  title     = {Model checking {RAISE} applicative specifications},
  journal   = {Formal Asp. Comput.},
  volume    = {25},
  number    = {3},
  pages     = {365--388},
  year      = {2013},
  url       = {https://doi.org/10.1007/s00165-011-0217-0},
  doi       = {10.1007/s00165-011-0217-0},
  timestamp = {Wed, 17 May 2017 14:25:34 +0200},
  biburl    = {https://dblp.org/rec/journals/fac/PernaG13.bib},
  bibsource = {dblp computer science bibliography, https://dblp.org}
}
@inproceedings{DBLP:conf/iceis/ChenIAPGLMW12a,
  author    = {Wen Chen and
               Asif Iqbal and
               Akbar Abdrakhmanov and
               Jay Parlar and
               Chris George and
               Mark Lawford and
               Tom Maibaum and
               Alan Wassyng},
  editor    = {Jos{\'{e}} Cordeiro and
               Leszek A. Maciaszek and
               Joaquim Filipe},
  title     = {Large-Scale Enterprise Systems: Changes and Impacts},
  booktitle = {Enterprise Information Systems - 14th International Conference, {ICEIS}
               2012, Wroclaw, Poland, June 28 - July 1, 2012, Revised Selected Papers},
  series    = {Lecture Notes in Business Information Processing},
  volume    = {141},
  pages     = {274--290},
  publisher = {Springer},
  year      = {2012},
  url       = {https://doi.org/10.1007/978-3-642-40654-6\_17},
  doi       = {10.1007/978-3-642-40654-6\_17},
  timestamp = {Sat, 19 Oct 2019 20:26:19 +0200},
  biburl    = {https://dblp.org/rec/conf/iceis/ChenIAPGLMW12a.bib},
  bibsource = {dblp computer science bibliography, https://dblp.org}
}
@inproceedings{DBLP:conf/iceis/ChenIAPGLMW12,
  author    = {Wen Chen and
               Asif Iqbal and
               Akbar Abdrakhmanov and
               Jay Parlar and
               Chris George and
               Mark Lawford and
               T. S. E. Maibaum and
               Alan Wassyng},
  editor    = {Leszek A. Maciaszek and
               Alfredo Cuzzocrea and
               Jos{\'{e}} Cordeiro},
  title     = {Change Impact Analysis for Large-scale Enterprise Systems},
  booktitle = {{ICEIS} 2012 - Proceedings of the 14th International Conference on
               Enterprise Information Systems, Volume 2, Wroclaw, Poland, 28 June
               - 1 July, 2012},
  pages     = {359--368},
  publisher = {SciTePress},
  year      = {2012},
  timestamp = {Tue, 24 Jun 2014 15:21:36 +0200},
  biburl    = {https://dblp.org/rec/conf/iceis/ChenIAPGLMW12.bib},
  bibsource = {dblp computer science bibliography, https://dblp.org}
}

@inproceedings{DBLP:conf/ifm/VargasGTG09,
  author    = {Abigail Parisaca Vargas and
               Ana Gabriela Garis and
               Silvia Lizeth Tapia Tarifa and
               Chris George},
  editor    = {Michael Leuschel and
               Heike Wehrheim},
  title     = {Model Checking {LTL} Formulae in {RAISE} with {FDR}},
  booktitle = {Integrated Formal Methods, 7th International Conference, {IFM} 2009,
               D{\"{u}}sseldorf, Germany, February 16-19, 2009. Proceedings},
  series    = {Lecture Notes in Computer Science},
  volume    = {5423},
  pages     = {231--245},
  publisher = {Springer},
  year      = {2009},
  url       = {https://doi.org/10.1007/978-3-642-00255-7\_16},
  doi       = {10.1007/978-3-642-00255-7\_16},
  timestamp = {Tue, 14 May 2019 10:00:51 +0200},
  biburl    = {https://dblp.org/rec/conf/ifm/VargasGTG09.bib},
  bibsource = {dblp computer science bibliography, https://dblp.org}
}
@article{DBLP:journals/fac/GeorgeH08,
  author    = {Chris George and
               Anne E. Haxthausen},
  title     = {Specification, proof, and model checking of the Mondex electronic
               purse using {RAISE}},
  journal   = {Formal Asp. Comput.},
  volume    = {20},
  number    = {1},
  pages     = {101--116},
  year      = {2008},
  url       = {https://doi.org/10.1007/s00165-007-0054-3},
  doi       = {10.1007/s00165-007-0054-3},
  timestamp = {Fri, 28 Feb 2020 14:02:33 +0100},
  biburl    = {https://dblp.org/rec/journals/fac/GeorgeH08.bib},
  bibsource = {dblp computer science bibliography, https://dblp.org}
}
@inproceedings{DBLP:conf/sccc/VargasTG08,
  author    = {Abigail Parisaca Vargas and
               Silvia Lizeth Tapia Tarifa and
               Chris George},
  editor    = {M. Cecilia Bastarrica and
               Mauricio Solar},
  title     = {A Translation from {RSL} to {CSP}},
  booktitle = {{XXVII} International Conference of the Chilean Computer Science Society
               {(SCCC} 2008), 10-14 November 2008, Punta Arenas, Chile},
  pages     = {119--126},
  publisher = {{IEEE} Computer Society},
  year      = {2008},
  url       = {https://doi.org/10.1109/SCCC.2008.20},
  doi       = {10.1109/SCCC.2008.20},
  timestamp = {Wed, 16 Oct 2019 14:14:56 +0200},
  biburl    = {https://dblp.org/rec/conf/sccc/VargasTG08.bib},
  bibsource = {dblp computer science bibliography, https://dblp.org}
}

@inproceedings{DBLP:conf/ac/George07,
  author    = {Chris George},
  editor    = {Chris George and
               Zhiming Liu and
               Jim Woodcock},
  title     = {Applicative Modelling with {RAISE}},
  booktitle = {Domain Modeling and the Duration Calculus, International Training
               School, Shanghai, China, September 17-21. 2007, Advanced Lectures},
  series    = {Lecture Notes in Computer Science},
  volume    = {4710},
  pages     = {51--118},
  publisher = {Springer},
  year      = {2007},
  url       = {https://doi.org/10.1007/978-3-540-74964-6\_2},
  doi       = {10.1007/978-3-540-74964-6\_2},
  timestamp = {Tue, 14 May 2019 10:00:49 +0200},
  biburl    = {https://dblp.org/rec/conf/ac/George07.bib},
  bibsource = {dblp computer science bibliography, https://dblp.org}
}


@inproceedings{DBLP:conf/birthday/GeorgeKSS07,
  author    = {Chris George and
               Padmanabhan Krishnan and
               Percy Antonio Pari Salas and
               Jeff W. Sanders},
  editor    = {Cliff B. Jones and
               Zhiming Liu and
               Jim Woodcock},
  title     = {Specification for Testing},
  booktitle = {Formal Methods and Hybrid Real-Time Systems, Essays in Honor of Dines
               Bj{\o}rner and Chaochen Zhou on the Occasion of Their 70th Birthdays,
               Papers presented at a Symposium held in Macao, China, September 24-25,
               2007},
  series    = {Lecture Notes in Computer Science},
  volume    = {4700},
  pages     = {280--299},
  publisher = {Springer},
  year      = {2007},
  url       = {https://doi.org/10.1007/978-3-540-75221-9\_12},
  doi       = {10.1007/978-3-540-75221-9\_12},
  timestamp = {Tue, 14 May 2019 10:00:52 +0200},
  biburl    = {https://dblp.org/rec/conf/birthday/GeorgeKSS07.bib},
  bibsource = {dblp computer science bibliography, https://dblp.org}
}

@inproceedings{DBLP:conf/ac/George07x,
  author    = {Chris George},
  editor    = {Chris George and
               Zhiming Liu and
               Jim Woodcock},
  title     = {Applicative Modelling with {RAISE}},
  booktitle = {Domain Modeling and the Duration Calculus, International Training
               School, Shanghai, China, September 17-21. 2007, Advanced Lectures},
  series    = {Lecture Notes in Computer Science},
  volume    = {4710},
  pages     = {51--118},
  publisher = {Springer},
  year      = {2007},
  url       = {https://doi.org/10.1007/978-3-540-74964-6\_2},
  doi       = {10.1007/978-3-540-74964-6\_2},
  timestamp = {Tue, 14 May 2019 10:00:49 +0200},
  biburl    = {https://dblp.org/rec/conf/ac/George07.bib},
  bibsource = {dblp computer science bibliography, https://dblp.org}
}

@inproceedings{DBLP:conf/sefm/PernaG07,
  author    = {Juan Ignacio Perna and
               Chris George},
  title     = {Model Checking {RAISE} Applicative Specifications},
  booktitle = {Fifth {IEEE} International Conference on Software Engineering and
               Formal Methods {(SEFM} 2007), 10-14 September 2007, London, England,
               {UK}},
  pages     = {257--268},
  publisher = {{IEEE} Computer Society},
  year      = {2007},
  url       = {https://doi.org/10.1109/SEFM.2007.25},
  doi       = {10.1109/SEFM.2007.25},
  timestamp = {Wed, 16 Oct 2019 14:14:57 +0200},
  biburl    = {https://dblp.org/rec/conf/sefm/PernaG07.bib},
  bibsource = {dblp computer science bibliography, https://dblp.org}
}
@inproceedings{DBLP:conf/qsic/AcharyaGM05,
  author    = {Satyajit Acharya and
               Chris George and
               Hrushikesha Mohanty},
  title     = {Domain Consistency in Requirements Specification},
  booktitle = {Fifth International Conference on Quality Software {(QSIC} 2005),
               19-20 September 2005, Melbourne, Australia},
  pages     = {231--240},
  publisher = {{IEEE} Computer Society},
  year      = {2005},
  url       = {https://doi.org/10.1109/QSIC.2005.24},
  doi       = {10.1109/QSIC.2005.24},
  timestamp = {Wed, 16 Oct 2019 14:14:56 +0200},
  biburl    = {https://dblp.org/rec/conf/qsic/AcharyaGM05.bib},
  bibsource = {dblp computer science bibliography, https://dblp.org}
}
@inproceedings{DBLP:conf/dfg/BjornerGHMHP04,
  author    = {Dines Bj{\o}rner and
               Chris George and
               Anne E. Haxthausen and
               Christian Krog Madsen and
               Steffen Holmslykke and
               Martin Pnika},
  editor    = {Hartmut Ehrig and
               Werner Damm and
               J{\"{o}}rg Desel and
               Martin Gro{\ss}e{-}Rhode and
               Wolfgang Reif and
               Eckehard Schnieder and
               Engelbert Westk{\"{a}}mper},
  title     = {"UML-ising' Formal Techniques},
  booktitle = {Integration of Software Specification Techniques for Applications
               in Engineering, Priority Program SoftSpez of the German Research Foundation
               (DFG), Final Report},
  series    = {Lecture Notes in Computer Science},
  volume    = {3147},
  pages     = {423--450},
  publisher = {Springer},
  year      = {2004},
  url       = {https://doi.org/10.1007/978-3-540-27863-4\_24},
  doi       = {10.1007/978-3-540-27863-4\_24},
  timestamp = {Fri, 28 Feb 2020 14:02:33 +0100},
  biburl    = {https://dblp.org/rec/conf/dfg/BjornerGHMHP04.bib},
  bibsource = {dblp computer science bibliography, https://dblp.org}
}
@inproceedings{DBLP:conf/iastedSEA/DassoG04,
  author    = {Aristides Dasso and
               Chris George},
  editor    = {M. H. Hamza},
  title     = {Automating software development by cross-utilization of specification
               tools},
  booktitle = {Proceedings of the {IASTED} Conference on Software Engineering and
               Applications, November 9-11, 2004, MIT, Cambridge, MA, {USA}},
  pages     = {368--373},
  publisher = {{IASTED/ACTA} Press},
  year      = {2004},
  timestamp = {Mon, 18 Jun 2007 14:30:27 +0200},
  biburl    = {https://dblp.org/rec/conf/iastedSEA/DassoG04.bib},
  bibsource = {dblp computer science bibliography, https://dblp.org}
}
@inproceedings{DBLP:conf/icdcit/AcharyaGM04,
  author    = {Satyajit Acharya and
               Chris George and
               Hrushikesha Mohanty},
  editor    = {R. K. Ghosh and
               Hrushikesha Mohanty},
  title     = {Specifying a Mobile Computing Infrastructure and Services},
  booktitle = {Distributed Computing and Internet Technology, First International
               Conference, {ICDCIT} 2004, Bhubaneswar, India, December 22-24, 2004,
               Proceedings},
  series    = {Lecture Notes in Computer Science},
  volume    = {3347},
  pages     = {244--254},
  publisher = {Springer},
  year      = {2004},
  url       = {https://doi.org/10.1007/978-3-540-30555-2\_29},
  doi       = {10.1007/978-3-540-30555-2\_29},
  timestamp = {Tue, 14 May 2019 10:00:46 +0200},
  biburl    = {https://dblp.org/rec/conf/icdcit/AcharyaGM04.bib},
  bibsource = {dblp computer science bibliography, https://dblp.org}
}
@inproceedings{DBLP:conf/icfem/George04,
  author    = {Chris George},
  editor    = {Jim Davies and
               Wolfram Schulte and
               Michael Barnett},
  title     = {Tutorial on the {RAISE} Language, Method and Tools},
  booktitle = {Formal Methods and Software Engineering, 6th International Conference
               on Formal Engineering Methods, {ICFEM} 2004, Seattle, WA, USA, November
               8-12, 2004, Proceedings},
  series    = {Lecture Notes in Computer Science},
  volume    = {3308},
  pages     = {3--4},
  publisher = {Springer},
  year      = {2004},
  url       = {https://doi.org/10.1007/978-3-540-30482-1\_2},
  doi       = {10.1007/978-3-540-30482-1\_2},
  timestamp = {Tue, 14 May 2019 10:00:50 +0200},
  biburl    = {https://dblp.org/rec/conf/icfem/George04.bib},
  bibsource = {dblp computer science bibliography, https://dblp.org}
}
		  
@article{DBLP:journals/cai/GeorgeH03,
  author    = {Chris George and
               Anne E. Haxthausen},
  title     = {The Logic of the {RAISE} Specification Language},
  journal   = {Comput. Artif. Intell.},
  volume    = {22},
  number    = {3-4},
  pages     = {323--350},
  year      = {2003},
  url       = {http://www.sav.sk/index.php?lang=en\&charset=ascii\&doc=journal\&part=list\_articles\&journal\_issue\_no=882\#abstract\_2729},
  timestamp = {Sun, 17 May 2020 11:43:54 +0200},
  biburl    = {https://dblp.org/rec/journals/cai/GeorgeH03.bib},
  bibsource = {dblp computer science bibliography, https://dblp.org}
}
		  
@inproceedings{DBLP:conf/unu/George02,
  author    = {Chris George},
  editor    = {Bernhard K. Aichernig and
               T. S. E. Maibaum},
  title     = {The Development of the {RAISE} Tools},
  booktitle = {Formal Methods at the Crossroads. From Panacea to Foundational Support,
               10th Anniversary Colloquium of UNU/IIST, the International Institute
               for Software Technology of The United Nations University, Lisbon,
               Portugal, March 18-20, 2002, Revised Papers},
  series    = {Lecture Notes in Computer Science},
  volume    = {2757},
  pages     = {49--64},
  publisher = {Springer},
  year      = {2002},
  url       = {https://doi.org/10.1007/978-3-540-40007-3\_4},
  doi       = {10.1007/978-3-540-40007-3\_4},
  timestamp = {Tue, 14 May 2019 10:00:53 +0200},
  biburl    = {https://dblp.org/rec/conf/unu/George02.bib},
  bibsource = {dblp computer science bibliography, https://dblp.org}
}

		  
@proceedings{DBLP:conf/icfem/2002/CWG02,
  editor    = {Chris George and
               Huaikou Miao},
  title     = {Formal Methods and Software Engineering, 4th International Conference
               on Formal Engineering Methods, {ICFEM} 2002 Shanghai, China, October
               21-25, 2002, Proceedings},
  series    = {Lecture Notes in Computer Science},
  volume    = {2495},
  publisher = {Springer},
  year      = {2002},
  url       = {https://doi.org/10.1007/3-540-36103-0},
  doi       = {10.1007/3-540-36103-0},
  isbn      = {3-540-00029-1},
  timestamp = {Tue, 14 May 2019 10:00:50 +0200},
  biburl    = {https://dblp.org/rec/conf/icfem/2002.bib},
  bibsource = {dblp computer science bibliography, https://dblp.org}
}
		  
@inproceedings{DBLP:conf/apsec/ShuguangQG00,
  author    = {Shuguang Li and
               Qing Jiang and
               Chris George},
  title     = {Combining case-based and model-based reasoning: a formal specification},
  booktitle = {7th Asia-Pacific Software Engineering Conference {(APSEC} 2000), 5-8
               December 2000, Singapore},
  pages     = {416--420},
  publisher = {{IEEE} Computer Society},
  year      = {2000},
  url       = {https://doi.org/10.1109/APSEC.2000.896728},
  doi       = {10.1109/APSEC.2000.896728},
  timestamp = {Wed, 16 Oct 2019 14:14:50 +0200},
  biburl    = {https://dblp.org/rec/conf/apsec/ShuguangQG00.bib},
  bibsource = {dblp computer science bibliography, https://dblp.org}
}
		  
@inproceedings{DBLP:conf/fm/YongG99,
  author    = {Xia Yong and
               Chris George},
  editor    = {Jim Woodcock and
               Jim Davies and
	       Jeannette M. Wing},
  title     = {An Operational Semantics for Timed {RAISE}},
  booktitle = {FM'99 - Formal Methods, World Congress on Formal Methods in the Development
               of Computing Systems, Toulouse, France, September 20-24, 1999, Proceedings,
               Volume {II}},
  series    = {Lecture Notes in Computer Science},
  volume    = {1709},
  pages     = {1008--1027},
  publisher = {Springer},
  year      = {1999},
  url       = {https://doi.org/10.1007/3-540-48118-4\_4},
  doi       = {10.1007/3-540-48118-4\_4},
  timestamp = {Tue, 14 May 2019 10:00:46 +0200},
  biburl    = {https://dblp.org/rec/conf/fm/YongG99.bib},
  bibsource = {dblp computer science bibliography, https://dblp.org}
}
@inproceedings{DBLP:conf/rtse/GeorgeD97,
  author    = {Chris George and
               Do Tien Dung},
  editor    = {Manfred Broy and
               Bernhard Rumpe},
  title     = {Combining and Distributing Hierarchical Systems},
  booktitle = {Requirements Targeting Software and Systems Engineering, International
               Workshop {RTSE} '97, Bernried, Germany, October 12-14, 1997, Proceedings},
  series    = {Lecture Notes in Computer Science},
  volume    = {1526},
  pages     = {133--153},
  publisher = {Springer},
  year      = {1997},
  url       = {https://doi.org/10.1007/10692867\_6},
  doi       = {10.1007/10692867\_6},
  timestamp = {Tue, 14 May 2019 10:00:50 +0200},
  biburl    = {https://dblp.org/rec/conf/rtse/GeorgeD97.bib},
  bibsource = {dblp computer science bibliography, https://dblp.org}
}
		  
@inproceedings{DBLP:conf/fm/George96,
  author    = {Chris George},
  editor    = {Marie{-}Claude Gaudel and
               Jim Woodcock},
  title     = {A Theory of Distributing Train Rescheduling},
  booktitle = {{FME} '96: Industrial Benefit and Advances in Formal Methods, Third
               International Symposium of Formal Methods Europe, Co-Sponsored by
               {IFIP} {WG} 14.3, Oxford, UK, March 18-22, 1996, Proceedings},
  series    = {Lecture Notes in Computer Science},
  volume    = {1051},
  pages     = {499--517},
  publisher = {Springer},
  year      = {1996},
  url       = {https://doi.org/10.1007/3-540-60973-3\_104},
  doi       = {10.1007/3-540-60973-3\_104},
  timestamp = {Tue, 14 May 2019 10:00:46 +0200},
  biburl    = {https://dblp.org/rec/conf/fm/George96.bib},
  bibsource = {dblp computer science bibliography, https://dblp.org}
}

		  
@inproceedings{DBLP:conf/fm/HaxthausenG93,
  author    = {Anne E. Haxthausen and
               Chris George},
  editor    = {Jim Woodcock and
               Peter Gorm Larsen},
  title     = {A Concurrency Case Study Using {RAISE}},
  booktitle = {{FME} '93: Industrial-Strength Formal Methods, First International
               Symposium of Formal Methods Europe, Odense, Denmark, April 19-23,
               1993, Proceedings},
  series    = {Lecture Notes in Computer Science},
  volume    = {670},
  pages     = {367--387},
  publisher = {Springer},
  year      = {1993},
  url       = {https://doi.org/10.1007/BFb0024657},
  doi       = {10.1007/BFb0024657},
  timestamp = {Fri, 28 Feb 2020 14:02:34 +0100},
  biburl    = {https://dblp.org/rec/conf/fm/HaxthausenG93.bib},
  bibsource = {dblp computer science bibliography, https://dblp.org}
}

@article{DBLP:journals/fac/George92,
  author    = {Chris George},
  title     = {The {NDB} Database Specified in the {RAISE} Specification Language},
  journal   = {Formal Asp. Comput.},
  volume    = {4},
  number    = {1},
  pages     = {48--75},
  year      = {1992},
  url       = {https://doi.org/10.1007/BF01214956},
  doi       = {10.1007/BF01214956},
  timestamp = {Wed, 17 May 2017 14:25:33 +0200},
  biburl    = {https://dblp.org/rec/journals/fac/George92.bib},
  bibsource = {dblp computer science bibliography, https://dblp.org}
}
		  
@inproceedings{DBLP:conf/fm/George91,
  author    = {Chris George},
  editor    = {S{\o}ren Prehn and
               W. J. Toetenel},
  title     = {The {RAISE} Specification Langiage: {A} Tutorial},
  booktitle = {{VDM} '91 - Formal Software Development, 4th International Symposium
               of {VDM} Europe, Noordwijkerhout, The Netherlands, October 21-25,
               1991, Proceedings, Volume 2: Tutorials},
  series    = {Lecture Notes in Computer Science},
  volume    = {552},
  pages     = {238--319},
  publisher = {Springer},
  year      = {1991},
  url       = {https://doi.org/10.1007/BFb0019998},
  doi       = {10.1007/BFb0019998},
  timestamp = {Tue, 14 May 2019 10:00:46 +0200},
  biburl    = {https://dblp.org/rec/conf/fm/George91.bib},
  bibsource = {dblp computer science bibliography, https://dblp.org}
}
		  
@article{DBLP:journals/fac/NielsenHWG89,
  author    = {Mogens Nielsen and
               Klaus Havelund and
               Kim Ritter Wagner and
               Chris George},
  title     = {The {RAISE} Language, Method and Tools},
  journal   = {Formal Asp. Comput.},
  volume    = {1},
  number    = {1},
  pages     = {85--114},
  year      = {1989},
  url       = {https://doi.org/10.1007/BF01887199},
  doi       = {10.1007/BF01887199},
  timestamp = {Wed, 17 May 2017 14:25:33 +0200},
  biburl    = {https://dblp.org/rec/journals/fac/NielsenHWG89.bib},
  bibsource = {dblp computer science bibliography, https://dblp.org}
}
		  
@inproceedings{DBLP:conf/fm/NielsenHWG88,
  author    = {Mogens Nielsen and
               Klaus Havelund and
               Kim Ritter Wagner and
               Chris George},
  editor    = {Robin E. Bloomfield and
               Lynn S. Marshall and
               Roger B. Jones},
  title     = {The {RAISE} Language, Method and Tools},
  booktitle = {{VDM} '88, {VDM} - The Way Ahead, 2nd VDM-Europe Symposium, Dublin,
               Ireland, September 11-16, 1988, Proceedings},
  series    = {Lecture Notes in Computer Science},
  volume    = {328},
  pages     = {376--405},
  publisher = {Springer},
  year      = {1988},
  url       = {https://doi.org/10.1007/3-540-50214-9\_25},
  doi       = {10.1007/3-540-50214-9\_25},
  timestamp = {Tue, 14 May 2019 10:00:46 +0200},
  biburl    = {https://dblp.org/rec/conf/fm/NielsenHWG88.bib},
  bibsource = {dblp computer science bibliography, https://dblp.org}
}
		  

@inproceedings{DBLP:conf/fm/George87,
  author    = {Chris George},
  editor    = {Dines Bj{\o}rner and
               Cliff B. Jones and
               M{\'{\i}}che{\'{a}}l Mac an Airchinnigh and
               Erich J. Neuhold},
  title     = {Heap Storage Specification and Development},
  booktitle = {{VDM} '87, {VDM} - {A} Formal Method at Work, VDM-Europe Symposium,
               Brussels, Belgium, March 23-26, 1987, Proceedings},
  series    = {Lecture Notes in Computer Science},
  volume    = {252},
  pages     = {97--105},
  publisher = {Springer},
  year      = {1987},
  url       = {https://doi.org/10.1007/3-540-17654-3\_7},
  doi       = {10.1007/3-540-17654-3\_7},
  timestamp = {Tue, 14 May 2019 10:00:46 +0200},
  biburl    = {https://dblp.org/rec/conf/fm/George87.bib},
  bibsource = {dblp computer science bibliography, https://dblp.org}
}

		  
		  