
@String{acmcs =  "ACM Comput. Surv."}

@String{acta =   "Acta Inf."}

@String{cacm =   "Commun. ACM"}

@String{cai =    "Comput. and Informatics"}

@String{eatcs =  "Bull. EATCS"}

@String{fac =    "Formal Aspects of Comput."}

@String{ieeese = "IEEE Trans. Softw. Eng."}

@String{ieeetc = "IEEE Trans. Comput."}

@String{ipl =    "Inf. Process. Lett."}

@String{jacm =   "J.~ACM"}

@String{jcss =   "J.~Comput. Syst. Sci."}

@String{jlc =    "J.~Logic and Comput."}

@String{njc =    "Nordic J.~Comput."}

@String{scp =    "Sci. Comput. Programming"}

@String{sicomp = "SIAM J. Comput."}

@String{tocs =   "ACM Trans. Comput. Syst."}

@String{toplas = "ACM Trans. Prog. Lang. Syst."}

@String{tcs =    "Theoretical Comput. Sci."}

@String{spe =    "SPE"}

@String{amast =  "AMAST Series in Comput. Vol.~"}

@String{entcs =  "ENTCS~"}

@String{facit =  "FACIT"}

@String{lncs =   "LNCS~"}

@String{chap =   "Chap."}

@String{tech-rep = "Tech. Rep."}

@String{pub-acm = "ACM"}

@String{pub-bcs = "British Comput. Soc."}

@String{pub-cup = "CUP"}

@String{pub-elsevier = "Elsevier"}

@String{pub-ieee = "IEEE"}

@String{pub-ios = "IOS Press"}

@String{pub-kluwer = "Kluwer"}

@String{pub-oxford = "OUP"}

@String{pub-prentice-hall = "Prentice-Hall"}

@String{pub-springer = "Springer"}

@String{pub-world-sci = "World Scientific"}

@InProceedings{Ancona:2000:ECL,
  author =       "Davide Ancona and Maura Cerioli and Elena Zucca",
  title =        "Extending \textsc{Casl} by Late Binding",
  pages =        "53--72",
  crossref =     "WADT-99",
  URL =          "ftp://ftp.disi.unige.it/pub/person/AnconaD/DISI-TR-99-14.ps.gz",
}

@InProceedings{Aspinall:2002:FSC,
  author =       "David Aspinall and Donald Sannella",
  title =        "From Specifications to Code in \textsc{Casl}",
  pages =        "1--14",
  crossref =     "AMAST-2002",
  URL =          "http://www.dcs.ed.ac.uk/home/dts/pub/amast2002.pdf",
}

@InProceedings{Astesiano:1998:UHM,
  author =       "Egidio Astesiano and Gianna Reggio",
  title =        "{UML} as Heterogeneous Multiview Notation: Strategies
                 for a Formal Foundation",
  OPTeditor =    "L. Andrade and A. Moreira and A. Deshpande and S.
                 Kent",
  booktitle =    "OOPSLA'98 Workshop on Formalizing UML. Why? How?",
  year =         "1998",
  publisher =    pub-acm,
}

@InCollection{Astesiano:1999:ASC,
  author =       "Egidio Astesiano and Manfred Broy and Gianna Reggio",
  title =        "Algebraic Specification of Concurrent Systems",
  chapter =      "13",
  type =         chap,
  crossref =     "IFIP-AFS",
}

@InProceedings{Astesiano:2000:PDC,
  author =       "Egidio Astesiano and Maura Cerioli and Gianna Reggio",
  title =        "Plugging Data Constructs into Paradigm-Specific
                 Languages: Towards an Application to {UML}",
  pages =        "273--292",
  crossref =     "AMAST-2000",
  URL =          "ftp://ftp.disi.unige.it/pub/person/ReggioG/AstesianoEtAll00a.ps",
}

@Article{Astesiano:2001:LTL,
  author =       "Egidio Astesiano and Gianna Reggio",
  title =        "{Labelled Transition Logic}: An Outline",
  journal =      acta,
  year =         "2001",
  volume =       "37",
  number =       "11--12",
}

@Article{Astesiano:2002:CASL,
  author =       "Egidio Astesiano and Michel Bidoit and H{\'e}l{\`e}ne
                 Kirchner and Bernd Krieg-Br{\"u}ckner and Peter D.
                 Mosses and Donald Sannella and Andrzej Tarlecki",
  title =        "\textsc{Casl}: The {Common Algebraic Specification
                 Language}",
  journal =      tcs,
  year =         "2002",
  volume =       "286",
  number =       "2",
  pages =        "153--196",
}

@InProceedings{Autexier:2000:TEF,
  author =       "Serge Autexier and Dieter Hutter and Heiko Mantel and
                 Axel Schairer",
  title =        "Towards an Evolutionary Formal Software-Development
                 Using \textsc{Casl}",
  pages =        "73--88",
  crossref =     "WADT-99",
}

@InProceedings{Autexier:2002:DGM,
  author =       "Serge Autexier and Dieter Hutter and Till Mossakowski
                 and Axel Schairer",
  title =        "The Development Graph Manager \textsc{Maya} (System
                 Description)",
  crossref =     "AMAST-2002",
  pages =        "495--502",
}

@InProceedings{Autexier:2002:IHD,
  author =       "Serge Autexier and Till Mossakowski",
  title =        "Integrating \textsc{Hol-Casl} into the Development
                 Graph Manager \textsc{Maya}",
  pages =        "2--17",
  crossref =     "FROCOS-2002",
}

@InProceedings{Baumeister:2000:ASC,
  author =       "Hubert Baumeister and Didier Bert",
  title =        "Algebraic Specification in \textsc{Casl}",
  crossref =     "FACIT-2000",
  chapter =      "12",
  type =         chap,
  pages =        "209--224",
  URL =          "http://www.informatik.uni-muenchen.de/~baumeist/CoFI/case/pubs/casl-case.ps.gz",
}

@InProceedings{Baumeister:2000:RAD,
  author =       "Hubert Baumeister",
  title =        "Relating Abstract Datatypes and {Z}-Schemata",
  pages =        "366--382",
  crossref =     "WADT-99",
  URL =          "http://www.informatik.uni-muenchen.de/~baumeist/publications/wadt99.pdf",
}

@InProceedings{Baumeister:2000:SBE,
  author =       "Hubert Baumeister and Alexandre V. Zamulin",
  title =        "State-Based Extension of \textsc{Casl}",
  pages =        "3--24",
  crossref =     "IFM-2000",
  URL =          "http://www.informatik.uni-muenchen.de/~baumeist/ifm2000.ps.gz",
}

@InCollection{Baumeister:2004:CASL-Semantics,
  author =       "Hubert Baumeister and Maura Cerioli and Anne
                 Haxthausen and Till Mossakowski and Peter D. Mosses and
                 Donald Sannella and Andrzej Tarlecki",
  title =        "\textsc{Casl} Semantics",
  chapter =      "III",
  type =         "Part",
  crossref =     "CASL-RM",
}

@InProceedings{Bert:2000:ASO,
  author =       "Didier Bert and S. {Lo Presti}",
  title =        "Algebraic Specification of Operator-based Multimedia
                 Scenarios",
  pages =        "383--400",
  crossref =     "WADT-99",
}

@InProceedings{Bidoit:1998:ASC,
  author =       "Michel Bidoit and Donald Sannella and Andrzej
                 Tarlecki",
  title =        "Architectural Specifications in \textsc{Casl}",
  pages =        "341--357",
  crossref =     "AMAST-98",
}

@Article{Bidoit:2002:ASC,
  author =       "Michel Bidoit and Donald Sannella and Andrzej
                 Tarlecki",
  title =        "Architectural Specifications in \textsc{Casl}",
  journal =      fac,
  year =         "2002",
  volume =       "13",
  pages =        "252--273",
  URL =          "http://www.dcs.ed.ac.uk/home/dts/pub/archs.pdf",
}

@InProceedings{Bidoit:2002:GDL,
  author =       "Michel Bidoit and Donald Sannella and Andrzej
                 Tarlecki",
  title =        "Global Development via Local Observational
                 Construction Steps",
  pages =        "1--24",
  crossref =     "MFCS-2002",
}

@Book{Bidoit:2004:CASL-UM,
  author =       "Michel Bidoit and Peter D. Mosses",
  title =        "\textsc{Casl} User Manual",
  publisher =    pub-springer,
  year =         "2004",
  series =       lncs # "2900 (IFIP Series)",
  note =         "With chapters by T. Mossakowski, D. Sannella, and A.
                 Tarlecki",
}

@InProceedings{Bidoit:2004:CFS,
  author =       "Michel Bidoit and Donald Sannella and Andrzej
                 Tarlecki",
  title =        "Toward Component-Oriented Formal Software Development:
                 An Algebraic Approach",
  booktitle =    "Radical Innovations of Software and Systems
                 Engineering in the Future, Proc. 9th Monterey Software
                 Engineering Workshop, Venice, Italy, Sep. 2002",
  OPTeditor =       "M. Wirsing and A. Knapp and S. Balsamo",
  missingpages = "not known yet",
  series =       lncs # "2941",
  year =         "2004",
  publisher =    pub-springer,
  URL =          "http://www.dcs.ed.ac.uk/home/dts/pub/monterey.pdf",
}

@Article{Borzyszkowski:2000:GIC,
  author =       "Tomasz Borzyszkowski",
  title =        "Generalized Interpolation in \textsc{Casl}",
  journal =      ipl,
  year =         "2000",
  volume =       "76",
  pages =        "19--24",
}

@InProceedings{Borzyszkowski:2000:HOL,
  author =       "Tomasz Borzyszkowski",
  title =        "Higher-Order Logic and Theorem Proving for Structured
                 Specifications",
  pages =        "401--418",
  crossref =     "WADT-99",
}

@Article{Borzyszkowski:2002:LSS,
  author =       "Tomasz Borzyszkowski",
  title =        "Logical systems for structured specifications",
  journal =      tcs,
  year =         "2002",
  volume =       "286",
  pages =        "197--245",
}

@InProceedings{Brand:2000:DPT,
  author =       "Mark G. J. {\iffalse{brandscheerder}\fi}{van den}
                 Brand and Jeroen Scheerder",
  author-alpha = "Mark G. J. {\iffalse{bs}\fi}{van den} Brand and Jeroen
                 Scheerder",
  title =        "Development of Parsing Tools for \textsc{Casl} using
                 Generic Language Technology",
  pages =        "89--105",
  crossref =     "WADT-99",
  warning =      "author-alpha is an ALTERNATIVE to author, for use
                  with \bibliographystyle{alpha}",
}

@Article{Brand:2000:EAT,
  author =       "Mark G. J. {\iffalse{brandjongklintolivier}\fi}{van
                 den} Brand and Hayco A. {\iffalse{}\fi}{de} Jong and
                 Paul Klint and Pieter A. Olivier",
  author-alpha = "Mark G. J. {\iffalse{bjko}\fi}{van den} Brand and
                 Hayco A. {\iffalse{}\fi}{de} Jong and Paul Klint and
                 Pieter A. Olivier",
  title =        "Efficient Annotated Terms",
  journal =      spe,
  year =         "2000",
  volume =       "30",
  number =       "3",
  pages =        "259--291",
  warning =      "author-alpha is an ALTERNATIVE to author, for use
                  with \bibliographystyle{alpha}",
}

@Book{COMPASS:1997,
  editor =       "Maura Cerioli and Martin Gogolla and H{\'e}l{\`e}ne
                 Kirchner and Bernd Krieg-Br{\"u}ckner and Zhenyu Qian
                 and Markus Wolf",
  title =        "Algebraic System Specification and Development: Survey
                 and Annotated Bibliography",
  publisher =    "Shaker",
  year =         "1997",
  series =       "BISS Monographs",
  edition =      "2nd",
}

@InProceedings{Cerioli:1997:PSP,
  author =       "Maura Cerioli and Anne Haxthausen and Bernd
                 Krieg-Br{\"u}ckner and Till Mossakowski",
  title =        "Permissive Subsorted Partial Logic in \textsc{Casl}",
  pages =        "91--107",
  crossref =     "AMAST-97",
}

@InCollection{Cerioli:1999:TEP,
  author =       "Maura Cerioli and Till Mossakowski and Horst Reichel",
  title =        "From Total Equational to Partial First-Order Logic",
  chapter =      "3",
  crossref =     "IFIP-AFS",
}

@TechReport{Choppy:1999:UCS,
  author =       "Christine Choppy and Gianna Reggio",
  title =        "Using \textsc{Casl} to Specify the Requirements and
                 the Design: {A} Problem Specific Approach -- Complete
                 Version",
  institution =  "Univ. of Genova",
  year =         "1999",
  type =         tech-rep,
  number =       "DISI-TR-99-33",
  URL =          "ftp://ftp.disi.unige.it/person/ReggioG/ChoppyReggio99a.ps",
}

@InProceedings{Choppy:2000:UCS,
  author =       "Christine Choppy and Gianna Reggio",
  title =        "Using \textsc{Casl} to Specify the Requirements and
                 the Design: {A} Problem Specific Approach",
  pages =        "104--123",
  crossref =     "WADT-99",
  note =         "An extended version is provided in
                 \cite{Choppy:1999:UCS}",
  URL =          "ftp://ftp.disi.unige.it/person/ReggioG/ChoppyReggio99a.ps",
}

@TechReport{Choppy:2003:TFG,
  author =       "Christine Choppy and Gianna Reggio",
  title =        "Towards a Formally Grounded Software Development
                 Method",
  year =         "2003",
  institution =  "Univ. of Genova",
  type =         tech-rep,
  number =       "DISI-TR-03-35",
  URL =          "ftp://ftp.disi.unige.it/person/ReggioG/ChoppyReggio03a.pdf",
  url-ps =       "ftp://ftp.disi.unige.it/person/ReggioG/ChoppyReggio03a.ps",
}

@TechReport{Choppy:2003:IUC,
  author =       "Christine Choppy and Gianna Reggio",
  title =        "Improving Use Case Based Requirements Using Formally
                 Grounded Specifications (Complete Version)",
  year =         "2003",
  institution =  "Univ. of Genova",
  type =         tech-rep,
  number =       "DISI-TR-03-45",
  URL =          "ftp://ftp.disi.unige.it/person/ReggioG/ChoppyReggio03c.pdf",
  url-ps =       "ftp://ftp.disi.unige.it/person/ReggioG/ChoppyReggio03c.ps",
  month =        oct,
  note =         "A short version is to appear in Proc. FASE 2004",
}

@Book{CoFI:2004:CASL-RM,
  author =       "{CoFI (The Common Framework Initiative)}",
  title =        "\textsc{Casl} Reference Manual",
  year =         "2004",
  publisher =    pub-springer,
  series =       lncs # "2960 (IFIP Series)",
}

@InCollection{CoFI:2004:CASL-Summary,
  author =       "{CoFI Language Design Group}",
  title =        "\textsc{Casl} Summary",
  chapter =      "I",
  type =         "Part",
  crossref =     "CASL-RM",
}

@InCollection{CoFI:2004:CASL-Syntax,
  author =       "{CoFI Language Design Group}",
  title =        "\textsc{Casl} Syntax",
  chapter =      "II",
  type =         "Part",
  crossref =     "CASL-RM",
}

@InProceedings{Coscia:1999:JJT,
  author =       "Eva Coscia and Gianna Reggio",
  title =        "{JTN}: {A} {Java}-Targeted Graphic Formal Notation for
                 Reactive and Concurrent Systems",
  pages =        "77--97",
  crossref =     "FASE-99",
}

@Article{Costa:1997:SAD,
  author =       "Gerardo Costa and Gianna Reggio",
  title =        "Specification of Abstract Dynamic DataTypes: {A}
                 Temporal Logic Approach",
  journal =      tcs,
  year =         "1997",
  volume =       "173",
  number =       "2",
  pages =        "513--554",
}

@Article{Haveraaen:1999:FSE,
  author =       "Magne Haveraaen and Helmer Andr{\'e} Friis and Tor
                 Arne Johansen",
  title =        "Formal Software Engineering for Computational
                 Modeling",
  journal =      njc,
  year =         "1999",
  volume =       "6",
  number =       "3",
  pages =        "241--270",
}

@TechReport{Haveraaen:2000:2TS,
  author =       "Magne Haveraaen",
  title =        "A 2-Tiered Software Process Model for Utilizing
                 \textsc{Casl}",
  institution =  "Dept. of Informatics, Univ. of Bergen",
  year =         "2000",
  type =         tech-rep,
  number =       "208",
  month =        oct,
  URL =          "http://www.ii.uib.no/saga/papers/2tier-1d.ps",
}

@Article{Haveraaen:2000:CSA,
  author =       "Magne Haveraaen",
  title =        "Case Study on Algebraic Software Methodologies for
                 Scientific Computing",
  journal =      "Scientific Programming",
  year =         "2000",
  volume =       "8",
  number =       "4",
  pages =        "261--273",
  URL =          "http://www.ii.uib.no/saga/papers/spr67.pdf",
}

@MastersThesis{Hoffman:2000:SAS,
  author =       "Piotr Hoffman",
  title =        "Semantics of Architectural Specifications",
  school =       "Warsaw Univ.",
  year =         "2000",
  note =         "In Polish",
}

@InProceedings{Hoffman:2001:VAS,
  author =       "Piotr Hoffman",
  title =        "Verifying Architectural Specifications",
  pages =        "152--175",
  crossref =     "WADT-2001",
  URL =          "http://www.mimuw.edu.pl/~piotrek/WADT2001.ps.gz",
}

@InProceedings{Hoffman:2003:VGC,
  author =       "Piotr Hoffman",
  title =        "Verifying Generative \textsc{Casl} Architectural
                 Specifications",
  pages =        "233--252",
  crossref =     "WADT-2002",
}

@InProceedings{Hoffmann:2003:AHO,
  author =       "Kathrin Hoffmann and Till Mossakowski",
  title =        "Algebraic Higher Order Nets: Graphs and {Petri} Nets
                 as Tokens",
  URL =          "http://www.informatik.uni-bremen.de/~till/papers/petri.ps",
  pages =        "253--267",
  crossref =     "WADT-2002",
}

@TechReport{Hussmann:1999:ADT,
  author =       "Heinrich Hussmann and Maura Cerioli and Gianna Reggio
                 and Fran{\c{c}}oise Tort",
  title =        "Abstract Data Types and {UML} Models",
  institution =  "Univ. of Genova",
  year =         "1999",
  type =         tech-rep,
  number =       "DISI-TR-99-15",
}

@TechReport{Hussmann:2000:UC,
  author =       "Heinrich Hussmann and Maura Cerioli and Hubert
                 Baumeister",
  title =        "From {UML} to \textsc{Casl} (Static Part)",
  institution =  "Univ. of Genova",
  year =         "2000",
  type =         tech-rep,
  number =       "DISI-TR-00-06",
}

@Book{IFIP:1999:AFS,
  editor =       "Egidio Astesiano and Hans-J{\"org} Kreowski and Bernd
                 Krieg-Br{\"u}ckner",
  title =        "Algebraic Foundations of Systems Specification",
  year =         "1999",
  publisher =    pub-springer,
  series =       "IFIP State-of-the-Art Reports",
  warning =      "Use this entry only for citing the whole book. For
                 crossrefs to chapters, use IFIP-AFS",
}

@MastersThesis{Klin:2000:ISS,
  author =       "Bartek Klin",
  title =        "An Implementation of Static Semantics for
                 Architectural Specifications in \textsc{Casl}",
  school =       "Warsaw Univ.",
  year =         "2000",
  note =         "In Polish",
}

@InProceedings{Klin:2001:CAC,
  author =       "Bartek Klin and Piotr Hoffman and Andrzej Tarlecki and
                 Lutz Schr{\"o}der and Till Mossakowski",
  title =        "Checking Amalgamability Conditions for \textsc{Casl}
                 Architectural Specifications",
  pages =        "451--463",
  crossref =     "MFCS-2001",
  URL =          "http://www.informatik.uni-bremen.de/~till/papers/Cellpaper.ps",
}

@TechReport{Ledoux:2000:FSM,
  author =       "Franck Ledoux and Jean-Marc Mota and Agn{\`e}s Arnould
                 and Catherine Dubois and Pascale {\iffalse{Gall}\fi}{Le
                 Gall} and Yves Bertrand",
  title =        "Formal Specification for a Mathematics-Based
                 Application Domain: Geometric Modeling",
  institution =  "LaMI, Universit\'e d'Evry-Val d'Essonne, Evry",
  year =         "2000",
  type =         tech-rep,
  number =       "51",
  URL =          "ftp://ftp.lami.univ-evry.fr/pub/publications/reports/index.html",
}

@TechReport{Ledoux:2000:HLO,
  author =       "Franck Ledoux and Agn{\`e}s Arnould and Pascale
                 {\iffalse{Gall}\fi}{Le Gall} and Yves Bertrand",
  title =        "A High-Level Operation in 3{D} Modeling: {A}
                 \textsc{Casl} Case Study",
  institution =  "LaMI, Universit\'e d'Evry-Val d'Essonne, Evry",
  year =         "2000",
  type =         tech-rep,
  number =       "52",
  URL =          "ftp://ftp.lami.univ-evry.fr/pub/publications/reports/index.html",
}

@InProceedings{Ledoux:2001:GMC,
  author =       "Franck Ledoux and Agn{\`e}s Arnould and Pascale
                 {\iffalse{Gall}\fi}{Le Gall} and Yves Bertrand",
  title =        "Geometric Modeling with \textsc{Casl}",
  pages =        "176--200",
  crossref =     "WADT-2001",
}

@InProceedings{Ledoux:2001:SFC,
  author =       "Franck Ledoux and Jean-Marc Mota and Agn{\`e}s Arnould
                 and Catherine Dubois and Pascale {\iffalse{Gall}\fi}{Le
                 Gall} and Yves Bertrand",
  title =        "Sp{\'e}cifications Formelles du Chanfreinage",
  booktitle =    "AFADL, Nancy, France",
  year =         "2001",
  publisher =    "ADER/LORIA",
  URL =          "http://www.loria.fr/conferences/afadl/",
}

@Article{Ledoux:2002:SPF,
  author =       "Franck Ledoux and Jean-Marc Mota and Agn{\`e}s Arnould
                 and Catherine Dubois and Pascale {\iffalse{Gall}\fi}{Le
                 Gall} and Yves Bertrand",
  title =        "Sp{\'e}cifications Formelles du Chanfreinage",
  journal =      "Technique et Science Informatiques",
  year =         "2002",
  volume =       "21",
  number =       "8",
  pages =        "1--26",
}

@InProceedings{Machado:2002:UTC,
  author =       "Patricia D. L. Machado and Donald Sannella",
  title =        "Unit Testing for \textsc{Casl} Architectural
                 Specifications",
  pages =        "506--518",
  crossref =     "MFCS-2002",
  URL =          "http://www.dcs.ed.ac.uk/home/dts/pub/mfcs2002.pdf",
}

@InProceedings{Mossakowski:1998:COS,
  author =       "Till Mossakowski",
  title =        "Colimits of Order-Sorted Specifications",
  pages =        "316--332",
  crossref =     "WADT-97",
  URL =          "http://www.informatik.uni-bremen.de/~till/papers/colimits.ps",
}

@InProceedings{Mossakowski:1998:SSA,
  author =       "Till Mossakowski and Kolyang and Bernd
                 Krieg-Br{\"u}ckner",
  title =        "Static Semantic Analysis and Theorem Proving for
                 \textsc{Casl}",
  pages =        "333--348",
  crossref =     "WADT-97",
  URL =          "http://www.informatik.uni-bremen.de/~till/papers/CASL.ps",
}

@InProceedings{Mossakowski:1999:TOC,
  author =       "Till Mossakowski",
  title =        "Translating {OBJ3} to \textsc{Casl}: The Institution
                 Level",
  pages =        "198--215",
  crossref =     "WADT-98",
  URL =          "http://www.informatik.uni-bremen.de/~till/papers/CASLOBJ.ps",
}

@InProceedings{Mossakowski:2000:CST,
  author =       "Till Mossakowski",
  title =        "\textsc{Casl}: From Semantics to Tools",
  pages =        "93--108",
  crossref =     "TACAS-2000",
  URL =          "http://www.informatik.uni-bremen.de/~till/papers/casltools.ps",
}

@InProceedings{Mossakowski:2000:SAI,
  author =       "Till Mossakowski",
  title =        "Specification in an Arbitrary Institution with
                 Symbols",
  pages =        "252--270",
  crossref =     "WADT-99",
  URL =          "http://www.informatik.uni-bremen.de/~till/papers/inst.ps",
}

@InProceedings{Mossakowski:2000:SPH,
  author =       "Till Mossakowski and Anne Haxthausen and Bernd
                 Krieg-Br{\"u}ckner",
  title =        "Subsorted Partial Higher-Order Logic as an Extension
                 of \textsc{Casl}",
  pages =        "126--145",
  crossref =     "WADT-99",
  URL =          "http://www.informatik.uni-bremen.de/~till/papers/HOCASL.ps",
}

@InProceedings{Mossakowski:2001:EDG,
  author =       "Till Mossakowski and Serge Autexier and Dieter
                 Hutter",
  title =        "Extending Development Graphs with Hiding",
  pages =        "269--283",
  crossref =     "FASE-2001",
  URL =          "http://www.informatik.uni-bremen.de/~till/papers/dgh.ps",
  url-extended = "http://www.informatik.uni-bremen.de/~till/papers/dgh_journal.ps",
}

@InProceedings{Mossakowski:2001:IIS,
  author =       "Till Mossakowski and Bartek Klin",
  title =        "Institution-Independent Static Analysis for
                 \textsc{Casl}",
  pages =        "221--237",
  crossref =     "WADT-2001",
  URL =          "http://www.informatik.uni-bremen.de/~till/papers/cats.ps",
}

@Article{Mossakowski:2002:RCO,
  author =       "Till Mossakowski",
  title =        "Relating \textsc{Casl} with Other Specification
                 Languages: The Institution Level",
  journal =      tcs,
  year =         "2002",
  volume =       "286",
  pages =        "367--475",
  URL =          "http://www.informatik.uni-bremen.de/~till/papers/RelatingCASL.ps",
}

@InProceedings{Mossakowski:2003:ACS,
  author =       "Till Mossakowski and Horst Reichel and Markus
                 Roggenbach and Lutz Schr{\"o}der",
  title =        "Algebraic-Coalgebraic Specification in
                 \textsc{CoCasl}",
  pages =        "376--392",
  crossref =     "WADT-2002",
  URL =          "http://www.informatik.uni-bremen.de/~till/papers/cocasl.ps",
  url-extended = "http://www.informatik.uni-bremen.de/~till/papers/cocasl_journal.ps",
}

@InProceedings{Mossakowski:2003:CWM,
  author =       "Till Mossakowski and Markus Roggenbach and Lutz
                 Schr{\"o}der",
  title =        "\textsc{CoCasl} at Work -- Modelling Process Algebra",
  crossref =     "CMCS-03",
  URL =          "http://www.informatik.uni-bremen.de/~till/papers/process_algebra.ps",
}

@InProceedings{Mossakowski:2003:FHS,
  author =       "Till Mossakowski",
  title =        "Foundations of Heterogeneous Specification",
  pages =        "359--375",
  crossref =     "WADT-2002",
  URL =          "http://www.informatik.uni-bremen.de/~till/papers/hetspec.ps",
}

@Article{Mossakowski:2003:CCA,
  author =       "Till Mossakowski and Anne Haxthausen and Donald
                 Sannella and Andrzej Tarlecki",
  title =        "\textsc{Casl}, the {Common Algebraic Specification
                 Language}: Semantics and Proof Theory",
  journal =      cai,
  year =         "2003",
  volume =       "22",
  pages =        "285--321",
  URL =          "http://www.informatik.uni-bremen.de/~till/papers/cai.ps",
}

@InCollection{Mossakowski:2004:CASL-Logic,
  author =       "Till Mossakowski and Piotr Hoffman and Serge Autexier
                 and Dieter Hutter",
  title =        "\textsc{Casl} Logic",
  chapter =      "IV",
  type =         "Part",
  crossref =     "CASL-RM",
}

@Article{Mosses:1996:CoFI,
  author =       "Peter D. Mosses",
  title =        "{CoFI}: The {Common Framework Initiative} for
                 Algebraic Specification",
  journal =      eatcs,
  year =         "1996",
  volume =       "59",
  pages =        "127--132",
  month =        jun,
}

@InProceedings{Mosses:1997:CAS,
  author =       "Peter D. Mosses",
  title =        "\textsc{Casl} for \textsc{Asf+Sdf} Users",
  crossref =     "ASF+SDF-97",
}

@InProceedings{Mosses:1997:CoFI,
  author =       "Peter D. Mosses",
  title =        "{CoFI}: The {Common Framework Initiative} for
                 Algebraic Specification and Development",
  pages =        "115--137",
  crossref =     "TAPSOFT-97",
}

@InProceedings{Mosses:1999:CGT,
  author =       "Peter D. Mosses",
  title =        "\textsc{Casl}: {A} Guided Tour of its Design",
  pages =        "216--240",
  crossref =     "WADT-98",
}

@InProceedings{Mosses:2000:CAS,
  author =       "Peter D. Mosses",
  title =        "\textsc{Casl} and {Action Semantics}",
  pages =        "62--78",
  URL =          "http://www.brics.dk/~pdm/papers/Mosses-AS-2000-CASL+AS/",
  crossref =     "AS-2000",
}

@InCollection{Mosses:2000:CCU,
  author =       "Peter D. Mosses",
  title =        "\textsc{Casl} for {CafeOBJ} Users",
  chapter =      "6",
  type =         chap,
  pages =        "121--144",
  crossref =     "CAFE-2000",
}

@InCollection{Mosses:2001:CoFI,
  author =       "Peter D. Mosses",
  title =        "{CoFI}: The Common Framework Initiative for Algebraic
                 Specification and Development",
  pages =        "153--163",
  crossref =     "EATCS-2001",
}

@TechReport{Reggio:1999:CLC,
  author =       "Gianna Reggio and Egidio Astesiano and Christine
                 Choppy",
  title =        "\textsc{Casl-Ltl}: {A} \textsc{Casl} Extension for
                 Dynamic Reactive Systems -- Summary",
  type =         tech-rep,
  number =       "DISI-TR-99-34",
  institution =  "Univ. of Genova",
  year =         "1999",
}

@TechReport{Reggio:1999:CFD,
  author =       "Gianna Reggio and Egidio Astesiano and Christine
                 Choppy and Heinrich Hussmann",
  title =        "A \textsc{Casl} Formal Definition of {UML} Active
                 Classes and Associated State Machines",
  institution =  "Univ. of Genova",
  year =         "1999",
  type =         tech-rep,
  number =       "DISI-TR-99-16",
  note =         "A short version is published in
                 \cite{Reggio:2000:AUA}",
  URL =          "ftp://ftp.disi.unige.it/person/ReggioG/Reggio99b.ps",
}

@TechReport{Reggio:1999:MPU,
  author =       "Gianna Reggio and Egidio Astesiano and Christine
                 Choppy and Heinrich Hussmann",
  title =        "Making Precise {UML} Active Classes Modeled by State
                 Charts",
  institution =  "Univ. of Genova",
  year =         "1999",
  type =         tech-rep,
  number =       "DISI-TR-99-14",
}

@InProceedings{Reggio:2000:ASU,
  author =       "Gianna Reggio and Maura Cerioli and Egidio Astesiano",
  title =        "An Algebraic Semantics of {UML} Supporting its
                 Multiview Approach",
  crossref =     "AMILP-2000",
  URL =          "ftp://ftp.disi.unige.it/person/ReggioG/ReggioEtAll00a.ps",
}

@InProceedings{Reggio:2000:AUA,
  author =       "Gianna Reggio and Egidio Astesiano and Christine
                 Choppy and Heinrich Hussmann",
  title =        "Analysing {UML} Active Classes and Associated State
                 Machines -- {A} Lightweight Approach",
  pages =        "127--146",
  crossref =     "FASE-2000",
  URL =          "ftp://ftp.disi.unige.it/person/ReggioG/Reggio99a.ps",
  note =         "An extended version is provided in
                 \cite{Reggio:1999:CFD}",
}

@InProceedings{Reggio:2000:CCC,
  author =       "Gianna Reggio and Lorenzo Repetto",
  title =        "\textsc{Casl}-\textsc{Chart}: {A} Combination of
                 Statecharts and of the Algebraic Specification Language
                 \textsc{Casl}",
  pages =        "243--257",
  crossref =     "AMAST-2000",
  URL =          "ftp://ftp.disi.unige.it/person/ReggioG/ReggioRepetto00b.ps",
}

@TechReport{Reggio:2000:CCS,
  author =       "Gianna Reggio and Lorenzo Repetto",
  title =        "\textsc{Casl}-\textsc{Chart}: Syntax and Semantics",
  institution =  "Univ. of Genova",
  year =         "2000",
  type =         tech-rep,
  number =       "DISI-TR-00-1",
  URL =          "ftp://ftp.disi.unige.it/person/ReggioG/ReggioRepetto00a.ps",
}

@InProceedings{Reggio:2001:RSU,
  author =       "Gianna Reggio and Maura Cerioli and Egidio Astesiano",
  title =        "Towards a Rigorous Semantics of {UML} Supporting its
                 Multiview Approach",
  pages =        "171--186",
  crossref =     "FASE-2001",
}

@TechReport{Reggio:2003:CLC,
  author =       "Gianna Reggio and Egidio Astesiano and Christine
                 Choppy",
  title =        "\textsc{Casl-Ltl}: {A} \textsc{Casl} Extension for
                 Dynamic Reactive Systems -- Version 1.0 -- Summary",
  type =         tech-rep,
  number =       "DISI-TR-03-36",
  institution =  "Univ. of Genova",
  year =         "2003",
  URL =          "ftp://ftp.disi.unige.it/person/ReggioG/ReggioEtAll03b.pdf",
  url-ps =       "ftp://ftp.disi.unige.it/person/ReggioG/ReggioEtAll03b.ps",
}

@InProceedings{Roggenbach:2000:SRN,
  author =       "Markus Roggenbach and Lutz Schr{\"o}der and Till
                 Mossakowski",
  title =        "Specifying Real Numbers in \textsc{Casl}",
  pages =        "146--161",
  crossref =     "WADT-99",
  URL =          "http://www.informatik.uni-bremen.de/~till/papers/reals.ps",
}

@InProceedings{Roggenbach:2001:TTS,
  author =       "Markus Roggenbach and Lutz Schr{\"o}der",
  title =        "Towards Trustworthy Specifications {I}: Consistency
                 Checks",
  pages =        "305--327",
  crossref =     "WADT-2001",
}

@InProceedings{Roggenbach:2003:CCN,
  author =       "Markus Roggenbach",
  title =        "{CSP}-\textsc{Casl} -- {A} New Integration of Process
                 Algebra and Algebraic Specification",
  pages =        "229--243",
  crossref =     "AMILP-2003",
}

@InCollection{Roggenbach:2004:CASL-Libraries,
  author =       "Markus Roggenbach and Till Mossakowski and Lutz
                 Schr{\"o}der",
  title =        "\textsc{Casl} Libraries",
  chapter =      "V",
  type =         "Part",
  crossref =     "CASL-RM",
}

@InProceedings{Salauen:2002:SAC,
  author =       "Gwen Sala{\"u}n and Michel Allemand and Christian
                 Attiogb{\'e}",
  year =         "2002",
  title =        "Specification of an Access Control System with a
                 Formalism Combining {CCS} and \textsc{Casl}",
  crossref =     "FMPPTA-2002",
  URL =          "http://www.dis.uniroma1.it/~salaun/papers/fmppta02.ps",
}

@InProceedings{Sannella:2000:ASP,
  author =       "Donald Sannella",
  title =        "Algebraic Specification and Program Development by
                 Stepwise Refinement",
  pages =        "1--9",
  crossref =     "LOPSTR-99",
  URL =          "http://www.dcs.ed.ac.uk/home/dts/pub/lopstr99.pdf",
}

@InProceedings{Sannella:2000:CoFI,
  author =       "Donald Sannella",
  title =        "The Common Framework Initiative for Algebraic
                 Specification and Development of Software",
  pages =        "1--9",
  crossref =     "PSI-99",
  URL =          "http://www.dcs.ed.ac.uk/home/dts/pub/psi.pdf",
}

@InProceedings{Sannella:2001:CoFI-RP,
  author =       "Donald Sannella",
  title =        "The Common Framework Initiative for Algebraic
                 Specification and Development of Software: Recent
                 Progress",
  URL =          "http://www.dcs.ed.ac.uk/home/dts/pub/wadt2001.pdf",
  crossref =     "WADT-2001",
  pages =        "328--343",
}

@InProceedings{Schroeder:2001:ACE,
  author =       "Lutz Schr{\"o}der and Till Mossakowski and Andrzej
                 Tarlecki",
  title =        "Amalgamation in \textsc{Casl} via Enriched
                 Signatures",
  pages =        "993--1004",
  crossref =     "ICALP-2001",
  URL =          "http://www.informatik.uni-bremen.de/~till/papers/EnrAmalg.ps",
}

@InProceedings{Schroeder:2001:SAS,
  author =       "Lutz Schr{\"o}der and Till Mossakowski and Andrzej
                 Tarlecki and Piotr Hoffman and Bartek Klin",
  title =        "Semantics of Architectural Specifications in
                 \textsc{Casl}",
  pages =        "253--268",
  crossref =     "FASE-2001",
  URL =          "http://www.informatik.uni-bremen.de/~till/papers/ArchSpec.ps",
  url-extended = "http://www.informatik.uni-bremen.de/~till/papers/CASLamalg.ps",
}

@InProceedings{Schroeder:2002:HIS,
  author =       "Lutz Schr{\"o}der and Till Mossakowski",
  title =        "\textsc{HasCasl}: Towards Integrated Specification and
                 Development of {Haskell} Programs",
  crossref =     "AMAST-2002",
  pages =        "99--116",
  URL =          "http://www.informatik.uni-bremen.de/~till/papers/hascasl.ps",
}

@InProceedings{Schroeder:2003:CCP,
  author =       "Lutz Schr{\"o}der",
  title =        "Classifying Categories for Partial Equational Logic",
  crossref =     "CTCS-2002",
  URL =          "http://www.informatik.uni-bremen.de/~lschrode/hascasl/classcat.ps",
}

@InProceedings{Schroeder:2003:HMP,
  author =       "Lutz Schr{\"o}der",
  title =        "Henkin Models of the Partial {$\lambda$}-Calculus",
  pages =        "498--512",
  crossref =     "CSL-2003",
  URL =          "http://www.informatik.uni-bremen.de/~lschrode/hascasl/henkinpl.ps",
}

@InProceedings{Schroeder:2003:MID,
  author =       "Lutz Schr{\"o}der and Till Mossakowski",
  title =        "Monad-Independent Dynamic Logic in \textsc{HasCasl}",
  pages =        "425--441",
  crossref =     "WADT-2002",
  URL =          "http://www.informatik.uni-bremen.de/~till/papers/FinalPdl.ps",
}

@InProceedings{Schroeder:2003:MIH,
  author =       "Lutz Schr{\"o}der and Till Mossakowski",
  title =        "Monad-Independent {Hoare} Logic in \textsc{HasCasl}",
  pages =        "261--277",
  crossref =     "FASE-2003",
  URL =          "http://www.informatik.uni-bremen.de/~till/papers/hascaslMonads.ps",
}

@Article{Schroeder:????:ASC,
  author =       "Lutz Schr{\"o}der and Till Mossakowski and Andrzej
                 Tarlecki and Bartek Klin and Piotr Hoffman",
  title =        "Amalgamation in the Semantics of \textsc{Casl}",
  journal =      tcs,
  note =         "To appear",
  URL =          "http://www.informatik.uni-bremen.de/~till/papers/CASLamalg.ps",
}

@Article{Schroeder:????:MID,
  author =       "Lutz Schr{\"o}der and Till Mossakowski",
  title =        "Monad-Independent Dynamic Logic in \textsc{HasCasl}",
  journal =      jlc,
  note =         "To appear",
  URL =          "http://www.informatik.uni-bremen.de/~till/papers/pdlJournal.ps",
}

@InProceedings{Tarlecki:2003:AST,
  author =       "Andrzej Tarlecki",
  title =        "Abstract Specification Theory: An Overview",
  booktitle =    "Models, Algebras and Logic of Engineering Software",
  year =         "2003",
  series =       "NATO Science Series: Comput. \& Sys. Sci. Vol.~191",
  pages =        "43--79",
  publisher =    pub-ios,
}

****************************************************************
CROSS REFERENCES:

* The format is generally ACRO-YEAR, where:
* - ACRO is the acronym of the conference or organization
* - YEAR is YY for conferences HELD in 19YY
* - YEAR is 20YY for conferences HELD in 20YY

* The key and abbrev fields are for use in cofi-abbr.bib


@Proceedings{AMAST-97,
  OPTeditor =    "M. Johnson",
  title =        "Algebraic Methodology and Software Technology, 6th
                 International Conference, {AMAST}'97, Sydney,
                 Australia, Proceedings",
  booktitle =    "{AMAST}'97",
  year =         "1997",
  series =       lncs # "1349",
  publisher =    pub-springer,
}

@Proceedings{AMAST-98,
  OPTeditor =    "A. M. Haeberer",
  title =        "Algebraic Methodology and Software Technology, 7th
                 International Conference, {AMAST}'98, Amazonia, Brazil,
                 January 1999, Proceedings",
  booktitle =    "{AMAST}'98",
  year =         "1998",
  series =       lncs # "1548",
  publisher =    pub-springer,
}

@Proceedings{AMAST-2000,
  OPTeditor =    "T. Rus",
  title =        "Algebraic Methodology and Software Technology, 8th
                 International Conference, {AMAST} 2000, Iowa City,
                 Iowa, {USA}, Proceedings",
  booktitle =    "{AMAST} 2000",
  year =         "2000",
  series =       lncs # "1816",
  publisher =    pub-springer,
}

@Proceedings{AMAST-2002,
  OPTeditor =    "H. Kirchner and C. Ringeissen",
  title =        "Algebraic Methods and Software Technology, 9th
                 International Conference, {AMAST} 2002,
                 Saint-Gilles-les-Bains, Reunion Island, France,
                 Proceedings",
  booktitle =    "{AMAST} 2002",
  year =         "2002",
  series =       lncs # "2422",
  publisher =    pub-springer,
}

@Proceedings{AMILP-2000,
  OPTeditor =    "D. Heylen and A. Nijholt and G. Scollo",
  title =        "Algebraic Methods in Language Processing, {AMiLP}
                 2000",
  booktitle =    "{AMiLP} 2000",
  year =         "2000",
  series =       "TWLT Vol.~16",
  publisher =    "Univ. of Twente",
}

@Proceedings{AMILP-2003,
  OPTeditor =    "F. Spoto and G. Scollo and A. Nijholt",
  title =        "Algebraic Methods in Language Processing, {AMiLP}
                 2003",
  booktitle =    "{AMiLP} 2003",
  year =         "2003",
  series =       "TWLT Vol.~21",
  publisher =    "Univ. of Twente",
}

@Proceedings{AS-2000,
  OPTeditor =    "P. D. Mosses and H. Moura",
  title =        "{AS} 2000, Third International Workshop on Action
                 Semantics, Recife, Brazil, Proceedings",
  booktitle =    "{AS} 2000",
  year =         "2000",
  series =       "BRICS NS-00-6",
  publisher =    "Dept. of Comput. Sci., Univ. of Aarhus",
  URL =          "http://www.brics.dk/NS/00/6/",
}

@Proceedings{ASF+SDF-97,
  OPTeditor =    "M. P. A. Sellink",
  title =        "{ASF+SDF}'97, Proc. 2nd Intl. Workshop on the Theory
                 and Practice of Algebraic Specifications",
  booktitle =    "{ASF+SDF}'97",
  year =         "1997",
  series =       "Electronic Workshops in Computing",
  publisher =    pub-bcs,
  URL =          "http://www.ewic.org.uk/ewic/workshop/list.cfm",
}

@Proceedings{CAFE-2000,
  OPTeditor =    "K. Futatsugi and A. T. Nakagawa and T. Tamai",
  title =        "{CAFE}: An Industrial-Strength Algebraic Formal
                 Method",
  booktitle =    "{CAFE}: An Industrial-Strength Algebraic Formal
                 Method",
  publisher =    pub-elsevier,
  year =         "2000",
}

@Book{CASL-RM,
  author =       "{CoFI (The Common Framework Initiative)}",
  title =        "\textsc{Casl} Reference Manual",
  booktitle =    "\textsc{Casl} Reference Manual",
  year =         "2004",
  publisher =    pub-springer,
  series =       lncs # "2960 (IFIP Series)",
  warning =      "Use CoFI:2004:CASL-RM to refer to the entire volume",
}

@Proceedings{CMCS-03,
  OPTeditor =    "H. P. Gumm",
  title =        "Coalgebraic Methods in Computer Science, {CMCS}'03,
                 Warsaw, Poland, Proceedings",
  booktitle =    "{CMCS}'03",
  series =       entcs # "82.1",
  publisher =    pub-elsevier,
  year =         "2003",
}

@Proceedings{CSL-2003,
  OPTeditor =    "M. Baaz and J. M. Makowsky",
  title =        "Computer Science Logic, 17th International Workshop,
                 {CSL} 2003, 12th Annual Conference of the {EACSL}, and
                 8th Kurt {G}{\"o}del Colloquium, {KGC} 2003, Vienna,
                 Austria, Proceedings",
  booktitle =    "{CSL} 2003",
  year =         "2003",
  series =       lncs # "2803",
  publisher =    pub-springer,
}

@Proceedings{CTCS-2002,
  OPTeditor =    "R. Blute and P. Selinger",
  title =        "Category Theory and Computer Science, {CTCS}'02",
  booktitle =    "{CTCS}'02",
  year =         "2003",
  series =       entcs # "69",
  publisher =    pub-elsevier,
}

@Book{EATCS-2001,
  OPTeditor =    "G. P{\u{a}}un and G. Rozenberg and A. Salomaa",
  title =        "Current Trends in Theoretical Computer Science:
                 Entering the 21st Century",
  booktitle =    "Current Trends in TCS",
  year =         "2001",
  publisher =    pub-world-sci,
}

@Proceedings{FACIT-2000,
  OPTeditor =    "M. Frappier and H. Habrias",
  title =        "Software Specification Methods: An Overview Using a
                 Case Study",
  booktitle =    "Software Specification Methods",
  year =         "2000",
  series =       facit,
  publisher =    pub-springer,
}

@Proceedings{FASE-99,
  OPTeditor =    "J.-P. Finance",
  title =        "Fundamental Approaches to Software Engineering, Second
                 International Conference, {FASE}'99, Amsterdam, The
                 Netherlands, Proceedings",
  booktitle =    "{FASE}'99",
  year =         "1999",
  series =       lncs # "1577",
  publisher =    pub-springer,
}

@Proceedings{FASE-2000,
  OPTeditor =    "T. Maibaum",
  title =        "Fundamental Approaches to Software Engineering, Third
                 International Conference, {FASE} 2000, Berlin, Germany,
                 Proceedings",
  booktitle =    "{FASE} 2000",
  year =         "2000",
  series =       lncs # "1783",
  publisher =    pub-springer,
}

@Proceedings{FASE-2001,
  OPTeditor =    "H. Hussmann",
  title =        "Fundamental Approaches to Software Engineering, 4th
                 International Conference, {FASE} 2001, Genova, Italy,
                 Proceedings",
  booktitle =    "{FASE} 2001",
  year =         "2001",
  series =       lncs # "2029",
  publisher =    pub-springer,
}

@Proceedings{FASE-2003,
  OPTeditor =    "M. Pezz{\`e}",
  title =        "Fundamental Approaches to Software Engineering, 6th
                 International Conference, {FASE} 2003, Warsaw, Poland,
                 Proceedings",
  booktitle =    "{FASE} 2003",
  year =         "2003",
  series =       lncs # "2621",
  publisher =    pub-springer,
}

@Proceedings{FMPPTA-2002,
  OPTeditor =    "???",
  title =        "Proc. of the 7th International Workshop on Formal
                 Methods for Parallel Programming: Theory and
                 Applications, {FMPPTA}'02",
  booktitle =    "{FMPPTA}'02",
  year =         "2002",
  publisher =    pub-ieee,
}

@Proceedings{FROCOS-2002,
  OPTeditor =    "A. Armando",
  title =        "Frontiers of Combining Systems, 4th International
                 Workshop, {FroCoS} 2002, Santa Margherita Ligure,
                 Italy, Proceedings",
  booktitle =    "{FroCoS} 2002",
  year =         "2002",
  series =       lncs # "2309",
  publisher =    pub-springer,
}

@Proceedings{ICALP-2001,
  OPTeditor =    "F. Orejas and P. G. Spirakis and J. van Leeuwen",
  title =        "Automata, Languages and Programming, 28th
                 International Colloquium, {ICALP} 2001, Crete, Greece,
                 Proceedings",
  booktitle =    "{ICALP} 2001",
  year =         "2001",
  series =       lncs # "2076",
  publisher =    pub-springer,
}

@Book{IFIP-AFS,
  OPTeditor =    "Egidio Astesiano and Hans-J{\"org} Kreowski and Bernd
                 Krieg-Br{\"u}ckner",
  title =        "Algebraic Foundations of Systems Specification",
  booktitle =    "Algebraic Foundations of Systems Specification",
  year =         "1999",
  publisher =    pub-springer,
  series =       "IFIP State-of-the-Art Reports",
  warning =      "Use IFIP:1999:AFS to refer to the entire book",
}

@Proceedings{IFM-2000,
  OPTeditor =    "W. Grieskamp and T. Santen and B. Stoddart",
  title =        "Integrated Formal Methods, Second International
                 Conference, {IFM} 2000, Dagstuhl Castle, Germany,
                 Proceedings",
  booktitle =    "{IFM} 2000",
  year =         "2000",
  series =       lncs # "1945",
  publisher =    pub-springer,
}

@Proceedings{LOPSTR-99,
  OPTeditor =    "A. Bossi",
  title =        "Logic-Based Program Synthesis and Transformation, 9th
                 International Workshop, {LOPSTR}'99, Venice, Italy,
                 1999 Selected Papers",
  booktitle =    "{LOPSTR}'99",
  year =         "2000",
  series =       lncs # "1817",
  publisher =    pub-springer,
}

@Proceedings{MFCS-2001,
  OPTeditor =    "J. Sgall and A. Pultr and P. Kolman",
  title =        "Mathematical Foundations of Computer Science 2001,
                 26th International Symposium, {MFCS} 2001, Marianske
                 Lazne, Czech Republic, Proceedings",
  booktitle =    "{MFCS} 2001",
  year =         "2001",
  series =       lncs # "2136",
  publisher =    pub-springer,
}

@Proceedings{MFCS-2002,
  OPTeditor =    "K. Diks and W. Rytter",
  title =        "Mathematical Foundations of Computer Science 2002,
                 27th International Symposium, {MFCS} 2002, Warsaw,
                 Poland, Proceedings",
  booktitle =    "{MFCS} 2002",
  year =         "2002",
  series =       lncs # "2420",
  publisher =    pub-springer,
}

@Proceedings{PSI-99,
  OPTeditor =    "D. Bj{\o}rner and M. Broy and A. V. Zamulin",
  title =        "Perspectives of System Informatics, Third
                 International Andrei Ershov Memorial Conference,
                 {PSI}'99, Akademgorodok, Novosibirsk, Russia,
                 Proceedings",
  booktitle =    "{PSI}'99",
  year =         "2000",
  series =       lncs # "1755",
  publisher =    pub-springer,
}

@Proceedings{TACAS-2000,
  OPTeditor =    "S. Graf and M. Schwartzbach",
  title =        "Tools and Algorithms for the Construction and Analysis
                 of Systems, 6th International Conference, {TACAS} 2000,
                 Berlin, Germany, Proceedings",
  booktitle =    "{TACAS} 2000",
  year =         "2000",
  series =       lncs # "1785",
  publisher =    pub-springer,
}

@Proceedings{TAPSOFT-97,
  OPTeditor =    "M. Bidoit and M. Dauchet",
  title =        "{TAPSOFT}'97: Theory and Practice of Software
                 Development, 7th International Joint Conference
                 {CAAP}/{FASE}, Lille, France, Proceedings",
  booktitle =    "TAPSOFT'97",
  year =         "1997",
  series =       lncs # "1214",
  publisher =    pub-springer,
}

@Proceedings{WADT-97,
  OPTeditor =    "F. Parisi-Presicce",
  title =        "Recent Trends in Algebraic Development Techniques,
                 12th International Workshop, {WADT}'97, Tarquinia,
                 Italy, 1997, Selected Papers",
  booktitle =    "{WADT}'97",
  year =         "1998",
  series =       lncs # "1376",
  publisher =    pub-springer,
}

@Proceedings{WADT-98,
  OPTeditor =    "J. L. Fiadeiro",
  title =        "Recent Trends in Algebraic Development Techniques,
                 13th International Workshop, {WADT}'98, Lisbon,
                 Portugal, 1998, Selected Papers",
  booktitle =    "{WADT}'98",
  year =         "1999",
  series =       lncs # "1589",
  publisher =    pub-springer,
}

@Proceedings{WADT-99,
  OPTeditor =    "D. Bert and C. Choppy and P. D. Mosses",
  title =        "Recent Trends in Algebraic Development Techniques,
                 14th International Workshop, {WADT}'99, Ch{\^a}teau de
                 Bonas, France, 1999, Selected Papers",
  booktitle =    "{WADT}'99",
  year =         "2000",
  series =       lncs # "1827",
  publisher =    pub-springer,
}

@Proceedings{WADT-2001,
  OPTeditor =    "M. Cerioli and G. Reggio",
  title =        "Recent Trends in Algebraic Development Techniques,
                 15th International Workshop, {WADT} 2001, Joint with
                 the {CoFI} {WG} Meeting, Genova, Italy, 2001, Selected
                 Papers",
  booktitle =    "{WADT} 2001",
  year =         "2001",
  series =       lncs # "2267",
  publisher =    pub-springer,
}

@Proceedings{WADT-2002,
  OPTeditor =    "M. Wirsing and D. Pattinson and R. Hennicker",
  title =        "Recent Trends in Algebraic Development Techniques,
                 16th International Workshop, {WADT} 2002,
                 Frauenchiemsee, Germany, 2002, Revised Selected
                 Papers",
  booktitle =    "{WADT} 2002",
  year =         "2003",
  series =       lncs # "2755",
  publisher =    pub-springer,
}

         