
@Book{Wille99,
  author = 	 "Bernhard Ganter and Rudolf Wille",
  title = "{Formal Concept Analysis --- Mathematical Foundations}",
  publisher = "{Springer-Verlag}",
  year = "{January 1999}",
  note = "{ISBN: 3540627715, 300 pages, Amazon price: US\,\$ 44.95}"}

@Book{Sowa99,
  author = 	 "John F. Sowa",
  title = "{Knowledge Representation: Logical, Philosophical, and
		  Computational Foundations}", 
  publisher = "{Pws Pub Co}",
  year = "{August 17, 1999}",
  note = "{ISBN: 0534949657, 512 pages, Amazon price: US\,\$ 70.95}"}

@Book{DHMellor:props97,
  author = 	 "D. H. Mellor and Alex Oliver",
  title = "{Properties}",
  publisher = "{Oxford Univ Press}",
  year = "{May 1997}",
  series = "{Oxford Readings in Philosophy}",
  address = "{}",
  note = "{ISBN: 0198751761, 320 pages, Amazon price: US\,\$ 19.95}"}


