@Article{Borgman2010,
  author    = "Bram Borgman and Eelco van Asperen and Rommert Dekker",
  title     = "{Online rules for container stacking}",
  journal   = "{OR Spectrum}",
  year      = "2010",
  volume    = "32",
  pages     = "687-716",
  month     = "19 March"}   