

  
		  
@inproceedings{li+wang96, 
author    = "XiaoShan Li and JuAn Wang",
title     = "Specifying Optimal Design of a Steam--boiler System",
booktitle = "Formal Methods for Industrial Applications: Specifying
		  and Programming the Steam Boiler Control", 
address   = "Berlin Heidelberg, Germany",
publisher = "Springer--Verlag, Lecture Notes in Computer Science,
             Vol. LNCS 1165",
year      = "1997",
note      = "See \cite{SteamBoiler-x}. "}
	  
		  
@inproceedings{rischel1995sofsem, 
author    = "Hans Rischel and Jorge Ricardo Cuellar and S{\o}ren
		  M{\o}rk and Anders Peter Ravn and 
		  Isolde Wildgruber",
title     = "Development of Safety-critical
		  Real-time Systems",
booktitle = "SOFTSEM'95 (eds.: M. Bartosek, J. Staudek and
		  J. Wiedermann)", 
address   ="Volume 1012 of LNCS",
publisher = "Springer--Verlag",
pages = "206--335", 
year      = "1995",
month     = "November"}

@Book{zcc+mrh2002,
  author = 	 "Chao Chen Zhou and Michael R. Hansen",
  title = 	 "{Duration Calculus: A Formal Approach to
                  Real\---time Systems}",
  publisher = 	 "Springer\---Verlag",
  year = 	 "2004",
  series = 	 "Monographs in Theoretical Computer Science. An EATCS
		  Series",
  OPTnote = 	 ""}

@Book{apazcc+mrh2002,
  author = 	 "Chao Chen Zhou and Michael R. Hansen",
  title = 	 "{Duration Calculus: A Formal Approach to
                  Real\---time Systems}",
  publisher = 	 "Springer\---Verlag",
  year = 	 "2004",
  series = 	 "Monographs in Theoretical Computer Science. An EATCS
		  Series",
  OPTnote = 	 ""}


@inproceedings{AP95, 
author    = "Henrik Reif Andersen and Jakob Lyng Petersen",
title     = "Specification of a Real-Time Pulse Detector",
booktitle = "Second European Workshop on Real-Time and
Hybrid Systems", 
address   ="Grenoble, France",
publisher = "",
year      = "1995",
month     = "May"
}


@inproceedings{Bjor92, 
author    = "Dines Bj{\o}rner",
title     = "Trustworthy Computing Systems",
booktitle = "Proceedings of IEEE Intl. Conf. on SE", 
address   = "",
publisher = "",
year      = "1992",
month     = "May"
}

@techreport{CH95,
AUTHOR       = "Philip Chan and Dang Van Hung",
TITLE        = "{Duration Calculus Specification of Scheduling for
                Tasks with Shared Resources}",
INSTITUTION  = "{\sf UNU/IIST}",
ORGANIZATION = "International Institute for Software
                Technology, United Nations University", 
ADDRESS      = "P.O.Box 3058, Macau", YEAR = "1995", MONTH = "June", 
TYPE         = "Technical Report", 
NUMBER       = "44", 
NOTE         = "Published in: Kanchana
Kanchanasut and Jean-Jacques Levy (Eds.), {\sl Algorithms, Concurrency
and Knowledge}, LNCS 1023, Springer-Verlag 1995, pp. 365--380."
}
 

@techreport{CWZ94a,
AUTHOR       = "Chen Zongji and Wang Ji and Chao Chen Zhou",
TITLE        = "{An Abstraction of Hybrid Control Systems}",
INSTITUTION  = "{\sf UNU/IIST}",
ORGANIZATION = "International Institute for Software
                Technology, United Nations University",
ADDRESS      = "P.O.Box 3058, Macau",
YEAR         = "1994",
MONTH        = "June",
TYPE         = "Technical Report",
NUMBER       = "26",
NOTE         = ""}

@techreport{apaCWZ94a,
AUTHOR       = "Chen Zongji and Wang Ji and Chao Chen Zhou",
TITLE        = "{An Abstraction of Hybrid Control Systems}",
INSTITUTION  = "{\sf UNU/IIST}",
ORGANIZATION = "International Institute for Software
                Technology, United Nations University",
ADDRESS      = "P.O.Box 3058, Macau",
YEAR         = "1994",
MONTH        = "June",
TYPE         = "Technical Report",
NUMBER       = "26",
NOTE         = ""}

@techreport{apaCWZ94b,
AUTHOR       = "Chen Zongji and Wang Ji and Chao Chen Zhou",
TITLE        = "{A Design Approach of Hybrid Control Systems}",
INSTITUTION  = "{\sf UNU/IIST}",
ORGANIZATION = "International Institute for Software
                Technology, United Nations University",
ADDRESS      = "P.O.Box 3058, Macau",
YEAR         = "1994",
MONTH        = "June",
TYPE         = "Technical Report",
NUMBER       = "27",
NOTE         = ""}

@techreport{CWZ94b,
AUTHOR       = "Chen Zongji and Wang Ji and Chao Chen Zhou",
TITLE        = "{A Design Approach of Hybrid Control Systems}",
INSTITUTION  = "{\sf UNU/IIST}",
ORGANIZATION = "International Institute for Software
                Technology, United Nations University",
ADDRESS      = "P.O.Box 3058, Macau",
YEAR         = "1994",
MONTH        = "June",
TYPE         = "Technical Report",
NUMBER       = "27",
NOTE         = ""}

@inproceedings{EKMPRS93, 
author    = "M. Engel and M. Kubica and J. Madey and D.J. Parnas and
             A.P. Ravn and A.J. van Schouwen",  
title     = "A Formal Approach to Computer Systems Requirements Documentation",
booktitle = "Hybrid Systems",
editor    = "R.L.\ Grossman and A.\ Nerode and A.P.\ Ravn and H.\ Rischel",
publisher = "Springer Verlag",
series    = "Lecture Notes in Computer Science",
volume    = "736",
year      = "1993",
pages     = "452-474"                                          
}
	
@techreport{Fra96,
AUTHOR       = "Martin Fr{\"{a}}nzle",
TITLE        = "Synthesizing Controllers from Duration Calculus",
INSTITUTION  = "Technical Report
of Institut f{\"{u}}r Informatik und Praktische Mathematik der 
Christian-Albrechts-Universit{\"{a}}t Kiel",
TYPE         = "",
NUMBER       = "",
ADDRESS      = "",
MONTH        = "March",
YEAR         = "1996",
NOTE         = ""}
	 
@techreport{Han92,
author      = "M.R. Hansen",
title       = "Duration Calculus and Trace Specifications: a Model Checking
               Point of View",
institution = "ProCoS II, ESPRIT BRA 7071, Fachbereich Informatik, 
               Univ. Oldenburg",
month       = "October",
year        = "1992"
}

@article{Hansen94,
author = "M.R. Hansen",
title = "Model-Checking Discrete Duration Calculus",
journal = "Formal Aspects of Computing",
volume = "6A",   
pages = "826-845",
year = "1994"
}
		  
@techreport{H-et-al93,
author = "M.R. Hansen and E.-R. Olderog and M. Schenke and M.\
          Fr{\"{a}}nzle and B.\ von Karger and M.\ M{\"{u}}ller-Olm
          and H. Rischel", 
title = "A Duration Semantics for Real-Time Reactive Systems",
institution = "Report no.\ OLD MRH 1/1, ProCoS ESPRIT BRA 7071,
Oldenburg University, Germany",
year =  "1993"                                                       
}

@inproceedings{HB92, 
author    = "He Jifeng and J. Bowen", 
title     = "Time Interval Semantics and Implementation of a Real
             -Time Programming Language",
booktitle = "Proc. 4th Euromicro Workshop on Real-Time Systems",
editor    = "",
publisher = "IEEE Press",
series    = "",
volume    = "",
year      = "1992",
pages     = ""  
}                                         

@inproceedings{apaHB92, 
author    = "Jifeng He and J. Bowen", 
title     = "Time Interval Semantics and Implementation of a Real
             -Time Programming Language",
booktitle = "Proc. 4th Euromicro Workshop on Real-Time Systems",
editor    = "",
publisher = "IEEE Press",
series    = "",
volume    = "",
year      = "1992",
pages     = ""  
}                                         


@article{HPZ95,
author = "M.R. Hansen and P.K.\ Pandya and Chao Chen Zhou",
title = "Finite Divergence",
journal = "Theoretical Computer Science",
volume = "138",   
pages = "113-139",
year = "1995"      
}


@article{apaHPZ95,
author = "M.R. Hansen and P.K.\ Pandya and Chao Chen Zhou",
title = "Finite Divergence",
journal = "Theoretical Computer Science",
volume = "138",   
pages = "113-139",
year = "1995"      
}

@INPROCEEDINGS{HRR91,
AUTHOR = "K.M.~Hansen and A.P.~Ravn and H.~Rischel",
TITLE= "Specifying and Verifying Requirements of Real-Time Systems",
BOOKTITLE = "ACM SIGSOFT '91 Conference on Software for Critical Systems", 
YEAR = "New Orleans, December 4-6, 1991", 
PUBLISHER = "ACM Software Engineering Notes, vol.~15, no.~5",
PAGES = "44-54"}


@techreport{HBr93,
AUTHOR       = "He Jifeng and S.M. Brien",
TITLE        = "Z Description of Duration Calculus",
INSTITUTION  = "ProCoS II, ESPRIT BRA 7071, OU HJF 12/1",
TYPE         = "",
NUMBER       = "",
ADDRESS      = "",
MONTH        = "Feb",
YEAR         = "1993",
NOTE         = ""}

@techreport{HJ94,
author = "Dang Van Hung and Wang Ji",
title = "On Design of Hybrid Control Systems Using I/O Automata Models",
institution = "UNU/IIST Report No.\ 35,
UNU/IIST, International Institute for Software Technology, P.O.\ Box
		  3058, Macau",
year =  "1994"                                                       
}

@techreport{apaHJ94,
author = "Dang Van Hung and Ji Wang",
title = "On Design of Hybrid Control Systems Using I/O Automata Models",
institution = "UNU/IIST Report No.\ 35,
UNU/IIST, International Institute for Software Technology, P.O.\ Box
		  3058, Macau",
year =  "1994"                                                       
}

@techreport{HO94,
AUTHOR       = "He Jifeng and Ernst-R{\"{u}}diger Olderog",
TITLE        = "From Real-Time Specification to Clocked Circuit",
INSTITUTION  = "ProCoS Report",
TYPE         = "",
NUMBER       = "",
ADDRESS      = "",
MONTH        = "March",
YEAR         = "1994",
NOTE         = ""}


@techreport{HRS93,
AUTHOR       = "K. M. Hansen and A. P. Ravn, V. Stavridou",
TITLE        = "Linking Fault Trees to Software Specifications",
INSTITUTION  = "",
TYPE         = "",
NUMBER       = "",
ADDRESS      = "",
MONTH        = "July",
YEAR         = "1993",
NOTE         = "(Draft)"}

@inproceedings{HZ92, 
author    = "M.R. Hansen and Chao Chen Zhou", 
title     = "Semantics and Completeness of Duration Calculus",
editor    = "J.W. de Bakker and C. Huizing and W.-P. de Roever and G. Rozenberg",
booktitle = "Real-Time: Theory in Practice, REX Workshop",
series    = "Lecture Notes in Computer Science",
volume    = "600",
publisher = "Springer Verlag",
year      = "1992", 
pages     = "209-225" 
}                                                       

@inproceedings{apaHZ92, 
author    = "M.R. Hansen and Chao Chen Zhou", 
title     = "Semantics and Completeness of Duration Calculus",
editor    = "J.W. de Bakker and C. Huizing and W.-P. de Roever and G. Rozenberg",
booktitle = "Real-Time: Theory in Practice, REX Workshop",
series    = "Lecture Notes in Computer Science",
volume    = "600",
publisher = "Springer Verlag",
year      = "1992", 
pages     = "209-225" 
}                                                       

@techreport{HeZ94,
AUTHOR       = "He Weidong and Chao Chen Zhou",
TITLE        = "{A Case Study of Optimization}",
INSTITUTION  = "{\sf UNU/IIST}",
ORGANIZATION = "International Institute for Software
                Technology, United Nations University",
ADDRESS      = "P.O.Box 3058, Macau",
YEAR         = "1994",
MONTH        = "December",
TYPE         = "Technical Report",
NUMBER       = "34",
NOTE         = ""}

@techreport{apaHeZ94,
AUTHOR       = "He Weidong and Chao Chen Zhou",
TITLE        = "{A Case Study of Optimization}",
INSTITUTION  = "{\sf UNU/IIST}",
ORGANIZATION = "International Institute for Software
                Technology, United Nations University",
ADDRESS      = "P.O.Box 3058, Macau",
YEAR         = "1994",
MONTH        = "December",
TYPE         = "Technical Report",
NUMBER       = "34",
NOTE         = ""}

@techreport{HG95,
AUTHOR       = "Dang Van Hung and Phan Hong Giang",
TITLE        = "{A Sampling Semantics of Duration Calculus}",
INSTITUTION  = "{\sf UNU/IIST}",
ORGANIZATION = "International Institute for Software
                Technology, United Nations University",
ADDRESS      = "P.O.Box 3058, Macau",
YEAR         = "1995",
MONTH        = "November",
TYPE         = "Technical Report",
NUMBER       = "50",
NOTE         = ""
              }


@techreport{HI96,
AUTHOR       = "Dang Van Hung and Ko Kwang Il",
TITLE        = "{Verification via Digitized Model of Real-Time Systems}",
TYPE         = "Research Report",
INSTITUTION  = "{\sf UNU/IIST}",
ORGANISATION = "International Institute for Software
                  Technology, United Nations University",
ADDRESS      = "P.O.Box 3058, Macau",
MONTH        = "February",
NUMBER       = "54",
YEAR         = "1996",
NOTE         = ""}


@techreport{HuZ94,
author = "Dang Van Hung and Chao Chen Zhou",
title = "Probabilistic Duration Calculus for Continuous Time",
institution = "UNU/IIST Report No.\ 25,
UNU/IIST, International Institute for Software Technology, P.O.\ Box
		  3058, Macau",
year =  "1994"                                                       }

@techreport{apaHuZ94,
author = "Dang Van Hung and Chao Chen Zhou",
title = "Probabilistic Duration Calculus for Continuous Time",
institution = "UNU/IIST Report No.\ 25,
UNU/IIST, International Institute for Software Technology, P.O.\ Box
		  3058, Macau",
year =  "1994"                                                       }

@inproceedings{HZS92, 
author    = "M.R.\ Hansen and Chao Chen Zhou and J{\o}rgen Staunstrup",
title     = "A Real-Time Duration Semantics for Circuits",
booktitle = "TAU'92: 1992 Workshop on Timing Issues in the
             Specification and Synthesis of Digital Systems", 
address   ="Princeton Univ., NJ",
publisher = "ACM/SIGDA",
year      = "1992",
month     = "March"
}

@inproceedings{Inal94,
author = "R.\ Inal",
title = "Modular Specification of Real-Time Systems",
booktitle = "1994 Euromicro Workshop on Real-Time Systems",
publisher = "IEEE Computer Society Press",
year =  "1994"                                                    }

@inproceedings{Kaaramees95a,
author = "M.\ K{\"{a}\"{a}ramees}",
title = "Transforming Designs Towards Implementations",
booktitle = "1995 Euromicro Workshop on Real-Time Systems",
publisher = "IEEE Computer Society Press",
year =  "1995",
pages = "197-204"                                                    }

@mastersthesis{Kaaramees95b,
author =  "M.\ K{\"{a}\"{a}ramees}",
title = "Transformation of Duration Calculus Specifications to 
DisCo Language",
school = "Automation and Systems Engineering, 
          Tallinn Technical University, Estonia",
year = "1995"                                                           }

@mastersthesis{KM95,
author = "N.F.\ Karstensen and S.\ M{\o}rk",
title = "Duration Calculus semantics for SDL",
school = "Department of Computer Science, Technical University of Denmark",
year = "1995"                                                           }

@inproceedings{KPSY93, 
author    = "Y. Kesten and A. Pnueli and J. Sifakis and S. Yovine", 
title     = "Integration Graphs: A Class of Decidable Hybrid Systems",
booktitle = "Hybrid Systems",
editor    = "R.L.Grossman and A. Nerode and A.P.Ravn and H. Rischel",
publisher = "Springer Verlag",
series    = "Lecture Notes in Computer Science",
volume    = "736",
year      = "1993",
pages     = "179-208"                                            
}


@inproceedings{LBR95, 
author    = "Y. Lakhnech and A. Bouajjani and R. Robbana", 
title     = "From Duration Calculus to Linear Hybrid Automata",
booktitle = "Second European Workshop on Real-Time and Hybrid Systems",
year      = "1995"                                        
}

@techreport{LH96,
AUTHOR       = "Li Xuan Dong and Dang Van Hung",
TITLE        = "{Checking Linear Duration invariants by Linear Programming}",
INSTITUTION  = "UNU/IIST",
TYPE         = "Research Report",
NUMBER       = "70",
ADDRESS      = "P.O.Box 3058, Macau",
MONTH        = "May",
YEAR         = "1996",
NOTE         = "
               "}

@incollection{Liu96,
author = "Zhiming Liu", 
title = "Specification and Verification in DC",
booktitle = "Real-time Systems, Specification, Verification and Analysis",
editor = "Mathai Joseph", 
publisher = "Prentice Hall Intl",
series = "Series in Computer Science",
year = "1996", 
pages = "182-228" 
}

@inproceedings{LRSZ93, 
author    = "Zhiming Liu and A.P. Ravn and E.V. S{\o}rensen and
		  Chao Chen Zhou", 
title     = "A Probabilistic Duration Calculus",
booktitle = "Responsive Computer Systems",
editor    = "H. Kopetz and Y. Kakuda",
publisher = "Springer Verlag Wien New York",
series    = "Dependable Computing and Fault-Tolerant Systems",
volume    = "7",
year      = "1993",
pages     = "30-52"   
}                                        

@inproceedings{apaLRSZ93, 
author    = "Zhiming Liu and A.P. Ravn and E.V. S{\o}rensen and 
		  Chao Chen Zhou",  
title     = "A Probabilistic Duration Calculus",
booktitle = "Responsive Computer Systems",
editor    = "H. Kopetz and Y. Kakuda",
publisher = "Springer Verlag Wien New York",
series    = "Dependable Computing and Fault-Tolerant Systems",
volume    = "7",
year      = "1993",
pages     = "30-52"   
}                                        


@article{LRSZ94,
author  = "Zhiming Liu and A.P. Ravn and E.V. S{\o}rensen and Chao Chen Zhou",
title   = "Towards a Calculus of Systems Dependability",
journal = "High Integrity Systems Journal",
publisher = "Oxford University Press",
volume  = "",   
pages   = "",
year    = "1994"  
}                                                   

@article{apaLRSZ94,
author  = "Zhiming Liu and A.P. Ravn and E.V. S{\o}rensen and Chao Chen Zhou",
title   = "Towards a Calculus of Systems Dependability",
journal = "High Integrity Systems Journal",
publisher = "Oxford University Press",
volume  = "",   
pages   = "",
year    = "1994"  
}                                                   

@techreport{MRR93,
author = "P.C.\ Masiero and A.P.\ Ravn and H.\ Rischel",
title = "Refinement of Real-Time Specifications",
institution = "Department of Computer Science,
Technical University of Denmark",
number = "ProCoS Technical Report ID/DTH PCM 1/1",
year = "1993"                                                           }

@techreport{Pan94,
AUTHOR       = "P.K. Pandya",
TITLE        = "Weak Chop Inverses and Liveness in Duration Calculus",
INSTITUTION  = "Computer Science Group, TIFR, India",
TYPE         = "",
NUMBER       = "Technical Report TR-95-1",
ADDRESS      = "",
MONTH        = "",
YEAR         = "1994",
NOTE         = ""}


@inproceedings{PR94, 
author    = "J.L. Peterson and H. Rischel", 
title     = "Formalizing Requirements and Design 
for a Product Cell System",
booktitle = "Symposium ADPM'94: Automatisation
des Processus Mixtes: Les Systems Dynamiques Hybrides",
year      = "1994",
pages     = "37-46"                                            
}

@book{Ravn94,
author = "A.P.\ Ravn",
title = "Design of Embedded Real-Time Computing Systems",  
publisher = "Department of Computer Science, Technical University of
		  Denmark, DK-2800 Lyngby, Denmark, 
                  Doctoral Dissertation, ID-TR: 1955-170",         
year = "1995"                                                           }

@inproceedings{RCMRW95, 
author    = "Hans Rischel and Jorge Cuellar and Simon M{\o}rk and Anders P. Ravn and 
Isolde Wildgruber", 
title     = "Development of Safety-Critical Real-Time Systems",
booktitle = "Proc. of SOFSEM 95",
year      = "1995",
}

@techreport{Ris92,
AUTHOR       = "H. Rischel",
TITLE        = "A Duration Calculus Proof of Fischer's Mutual Exclusion 
Protocol",
INSTITUTION  = "ProCoS II, ESPRIT BRA 7071 DTH HR 4/1, Department of Computer 
Science, Technical University Of Denmark", 
TYPE         = "",
NUMBER       = "",
ADDRESS      = "",
MONTH        = "December",
YEAR         = "1992",
NOTE         = ""}

@inproceedings{RR91,
author = "A.P.\ Ravn  and H.\ Rischel",
title = "{Requirements Capture for Embedded Real-time Systems}", 
booktitle = "Proceedings of IMACS-MCTS'91 Symposium on Modelling and
             Control of Technological Systems, Villeneuve d'Ascq,
             France, May 7-10",
volume = "2",
publisher = "IMACS", 
year = "1991",
pages = "147-152"                                              
}


@article{RRH93,
author  = "A.P.~Ravn and H.~Rischel and K.M.~Hansen",
title   = "{Specifying and Verifying Requirements of Real-Time Systems}",
journal = "IEEE Trans.~Softw.~Eng.", 
volume  = "19",
number  = "1",
pages   = "41-55",
year    = "1993" 
}

@techreport{RRHECA95,
AUTHOR       = "Anders P. Ravn and Hans Rischel and Michael Holdgaard
and Thomas J. Eriksen and
Finn Conrad and Torben O. Andersen",
TITLE        = "Hybrid Control of a Robot -- a Case Study",
INSTITUTION  = "ID/DTU Report",
YEAR         = "1995",
NOTE         = ""}

@inproceedings{Sch94, 
author    = "Michael Schenke", 
title     = "Specification and Transformation of Reactive
Systems with Time Restrictions and Concurrency",
booktitle = "Formal Techniques in Real-Time and
Fault-Tolerant Systems",
editor    = "",
publisher = "Springer Verlag",
series    = "Lecture Notes in Computer Science",
volume    = "863",
year      = "1994",
pages     = "756-775"                                            
}

@techreport{SRR90, 
author = "E.V.\ S{\o}rensen and A.P.~Ravn and H.~Rischel",
title ="Control Program for a Gas Burner: 
Part 1: Informal Requirements,  ProCoS Case Study 1", 
institution = "ProCoS Rep.~ID/DTH EVS2", 
year = "1990"                                              
}


@inproceedings{SRRZ92,
author = "Jens Ulrik Skakkeb{\ae}k and Anders Peter Ravn 
               and Hans Rischel and Chao Chen Zhou",
title = "Specification of Embedded, Real-Time Systems",
booktitle = "Proceedings of 1992 Euromicro Workshop on Real-Time Systems",
publisher = "IEEE Computer Society Press",
pages = "116--121",
year =  "1992"
}                                                 


@phdthesis{Skakkebaek94,
author = "J.U.\ Skakkeb{\ae}k",
title = "A Verification Assistant for a Real-Time Logic",
school = "Department of Computer Science, Technical University of
		  Denmark",
year = "1994"
}

@inproceedings{SkS94a,
author = "J.U.\ Skakkeb{\ae}k and N.\ Shankar",
title = "Towards a Duration Calculus Proof Assistant in PVS",
booktitle = "Formal Techniques in Real-Time and Fault-Tolerant Systems,
H.\ Langmack, W.-P.\ de Roever, and J.\ Vytopil (Eds.)",
publisher = "LNCS 863, Springer-Verlag",
year = "1994",
pages = "660-679"                                                 
}
@inproceedings{Ska94,
author = "J.U.\ Skakkeb{\ae}k",
title = "Liveness and Fairness in Duration Calculus", 
editor = "B.\ Jonsson and J.\ Parrow",
booktitle = "CONCUR'94: Concurrency Theory",
publisher = "LNCS 836, Springer Verlag", 
year = "1994",
pages = "283-298"                                               }
 
@techreport{SS94,
author = "J.U.\ Skakkeb{\ae}k  and P.\ Sestoft", 
title = "Checking Validity of Duration Calculus Formulas",
institution = "ProCoS II, ESPRIT BRA 7071, report no.\ ID/DTH JUS 3/1,
Department of Computer Science, Technical University of Denmark", 
year = "1994"  
}                                                     

@techreport{WH95,
AUTHOR       = "Wang Ji and He Weidong",
TITLE        = "{Formal Specification of Stability in Hybrid Control Systems}",
TYPE         = "Technical Report",
INSTITUTION  = "{\sf UNU/IIST}",
ORGANISATION = "International Institute for Software
                  Technology, United Nations University",
ADDRESS      = "P.O.Box 3058, Macau",
MONTH        = "Dec",
NUMBER       = "56",
YEAR         = "1995",
NOTE         = ""}

@techreport{apaWH95,
AUTHOR       = "Wang Ji and He Weidong",
TITLE        = "{Formal Specification of Stability in Hybrid Control Systems}",
TYPE         = "Technical Report",
INSTITUTION  = "{\sf UNU/IIST}",
ORGANISATION = "International Institute for Software
                  Technology, United Nations University",
ADDRESS      = "P.O.Box 3058, Macau",
MONTH        = "Dec",
NUMBER       = "56",
YEAR         = "1995",
NOTE         = ""}

@techreport{WL95a,
AUTHOR       = "Wang JuAn and Li XiaoShan",
TITLE        = "{A Duration Calculus Approach to Specifying the
Steam-boiler Problem}", 
INSTITUTION  = "{\sf UNU/IIST}",
ORGANIZATION = "International Institute for Software
                Technology, United Nations University",
ADDRESS      = "P.O.Box 3058, Macau",
YEAR         = "1995",
MONTH        = "February",
TYPE         = "Technical Report",
NUMBER       = "38",
NOTE         = ""}

@techreport{WHCZ94,
AUTHOR       = "Belawati H. Widjaja and He Weidong and Chen Zongji and
Chao Chen Zhou", 
TITLE        = "{A Cooperative Design for Hybrid Systems}",
INSTITUTION  = "{\sf UNU/IIST}",
ORGANIZATION = "International Institute for Software
                Technology, United Nations University",
ADDRESS      = "P.O.Box 3058, Macau",
YEAR         = "1994",
MONTH        = "December",
TYPE         = "Technical Report",
NUMBER       = "36",
NOTE         = "Presented at and published in {\sl Proceedings from
the Second European Workshop on Real-time and Hybrid Systems},
Grenoble, France, June 1995"}

@techreport{apaWHCZ94,
AUTHOR       = "Belawati H. Widjaja and He Weidong and Chen Zongji and
 Chao Chen Zhou", 
TITLE        = "{A Cooperative Design for Hybrid Systems}",
INSTITUTION  = "{\sf UNU/IIST}",
ORGANIZATION = "International Institute for Software
                Technology, United Nations University",
ADDRESS      = "P.O.Box 3058, Macau",
YEAR         = "1994",
MONTH        = "December",
TYPE         = "Technical Report",
NUMBER       = "36",
NOTE         = "Presented at and published in {\sl Proceedings from
the Second European Workshop on Real-time and Hybrid Systems},
Grenoble, France, June 1995"}

@techreport{WL95b,
AUTHOR       = "Wang JuAn and Li XiaoShan",
TITLE        = "{Specifying Optimal Design of the 
     Steam-boiler System}",
INSTITUTION  = "{\sf UNU/IIST}",
ORGANIZATION = "International Institute for Software
                Technology, United Nations University",
ADDRESS      = "P.O.Box 3058, Macau",
YEAR         = "1995",
MONTH        = "February",
TYPE         = "Technical Report",
NUMBER       = "39",
NOTE         = ""}

@techreport{WYZ94,
AUTHOR       = "Wang Ji and Yu XinYao and Chao Chen Zhou",
TITLE        = "{Hybrid Refinement}",
INSTITUTION  = "{\sf UNU/IIST}",
ORGANIZATION = "International Institute for Software
                Technology, United Nations University",
ADDRESS      = "P.O.Box 3058, Macau",
TYPE         = "Research Report",
NUMBER       = "20",
MONTH        = "1.\ April",
YEAR         = "1994",
NOTE         = ""}

@techreport{apaWYZ94,
AUTHOR       = "Wang Ji and Yu XinYao  and Chao Chen Zhou",
TITLE        = "{Hybrid Refinement}",
INSTITUTION  = "{\sf UNU/IIST}",
ORGANIZATION = "International Institute for Software
                Technology, United Nations University",
ADDRESS      = "P.O.Box 3058, Macau",
TYPE         = "Research Report",
NUMBER       = "20",
MONTH        = "1.\ April",
YEAR         = "1994",
NOTE         = ""}

@TECHREPORT(Xu96:tr,
AUTHOR = "Xu Qiwen",
TITLE = "Semantics and Verification of the Extended Phase Transition Systems
in the Duration Calculus",
INSTITUTION = "UNU/IIST Report No.\ 72,
UNU/IIST, International Institute for Software Technology, P.O.\ Box
                  3058, Macau",
YEAR ="1996",
)

@techreport{XH95,
AUTHOR       = "Xu Qiwen and He Weidong",
TITLE        = "{Hierarchical Design of a Chemical Concentration 
                Control System}",
INSTITUTION  = "{\sf UNU/IIST}",
ORGANIZATION = "International Institute for Software
                Technology, United Nations University",
ADDRESS      = "P.O.Box 3058, Macau",
YEAR         = "1995",
MONTH        = "April",
TYPE         = "Technical Report",
NUMBER       = "41",
NOTE         = ""}

@TECHREPORT(XY96:tr,
AUTHOR = "Xu Qiwen and Yang Zengyu",
TITLE = "Derivation of Control Programs: a Heating System",
INSTITUTION = "UNU/IIST Report No.\ 73,
UNU/IIST, International Institute for Software Technology, P.O.\ Box
                  3058, Macau",
YEAR ="1996",
)

@techreport{YPS94,
AUTHOR       = "Yu Huiqun and Paritosh K.\ Pandya
                and Sun Yongqiang",
TITLE        = "{A Calculus of Sampled Data Systems}",
INSTITUTION  = "{\sf UNU/IIST}",
ORGANIZATION = "International Institute for Software
                Technology, United Nations University",
ADDRESS      = "P.O.Box 3058, Macau",
TYPE         = "Research Report",
NUMBER       = "21",
MONTH        = "1.\ April",
YEAR         = "1994", 
NOTE         = "Published in: {\sl Formal Techniques in Real-Time and Fault-Tolerant systems}, LNCS 863, 1994, pp. 716--737"}


@inproceedings{YWZP94,
author = "Yu Xinyao and Wang Ji  and Chao Chen Zhou and Paritosh K.\ Pandya",
title = "Formal Design of Hybrid Systems",
booktitle = "Formal Techniques in Real-Time and Fault-Tolerant Systems,
H.\ Langmack, W.-P.\ de Roever, and J.\ Vytopil (Eds.)",
publisher = "LNCS 863, Springer-Verlag",
year = "1994",
pages = "738-755"                                                 }


@inproceedings{apaYWZP94,
author = "Xinyao Yu and  WangJi   and Chao Chen  Zhou and Paritosh K.\ Pandya",
title = "Formal Design of Hybrid Systems",
booktitle = "Formal Techniques in Real-Time and Fault-Tolerant Systems,
H.\ Langmack, W.-P.\ de Roever, and J.\ Vytopil (Eds.)",
publisher = "LNCS 863, Springer-Verlag",
year = "1994",
pages = "738-755"                                                 }


@techreport{Yu94a,
AUTHOR       = "Yu Xinyiao et al",
TITLE        = "{Stability of Railway Systems}",
INSTITUTION  = "{\sf UNU/IIST}",
ORGANIZATION = "International Institute for Software
                Technology, United Nations University",
ADDRESS      = "P.O.Box 3058, Macau",
YEAR         = "1994",
MONTH        = "May",
TYPE         = "Technical Report",
NUMBER       = "28",
NOTE         = ""}

@techreport{Yu94b,
AUTHOR       = "Yu Xinyiao et al",
TITLE        = "{On Stability of Hybrid Systems}",
INSTITUTION  = "{\sf UNU/IIST}",
ORGANIZATION = "International Institute for Software
                Technology, United Nations University",
ADDRESS      = "P.O.Box 3058, Macau",
YEAR         = "1994",
MONTH        = "May",
TYPE         = "Technical Report",
NUMBER       = "29",
NOTE         = ""}


@techreport{YZ94,
AUTHOR       = "Yu Huiqun and Chao Chen Zhou",
TITLE        = "{A Duration Model for Railway Scheduling}",
INSTITUTION  = "{\sf UNU/IIST}",
ORGANIZATION = "International Institute for Software
                Technology, United Nations University",
ADDRESS      = "P.O.Box 3058, Macau",
YEAR         = "1994",
MONTH        = "May",
TYPE         = "Technical Report",
NUMBER       = "24b",
NOTE         = ""}

@techreport{apaYZ94,
AUTHOR       = "Yu Huiqun and Chao Chen Zhou",
TITLE        = "{A Duration Model for Railway Scheduling}",
INSTITUTION  = "{\sf UNU/IIST}",
ORGANIZATION = "International Institute for Software
                Technology, United Nations University",
ADDRESS      = "P.O.Box 3058, Macau",
YEAR         = "1994",
MONTH        = "May",
TYPE         = "Technical Report",
NUMBER       = "24b",
NOTE         = ""}


@inproceedings{ZZ94,
author = "Zheng Yuhua and Chao Chen Zhou",
title = "A Formal Proof of the Deadline Driven Scheduler",
booktitle = "Formal Techniques in Real-Time and Fault-Tolerant Systems,
H.\ Langmack, W.-P.\ de Roever, and J.\ Vytopil (Eds.)",
publisher = "LNCS 863, Springer-Verlag",
year = "1994",
pages = "756-775"                                                 }


@inproceedings(ZH96, 
author = "Chao Chen Zhou and M. R.\ Hansen ", 
TITLE ="{Chopping a Point}",
BOOKTITLE = " Proc.\ BCS FACS 7th Refinement Workshop:Theory and Practice of System Design",
YEAR = 1996,
editor =  "J-F. He",
pages = "",
publisher = "Springer--Verlag",
address = "Bath, U.K.",
month = "July"
)

@inproceedings{Zhou93, 
author = "Chao Chen Zhou", 
title = "{Duration Calculi: An Overview}",
booktitle = 
"Proceedings of Formal Methods in Programming and Their Applications,
 D.\ Bj{\o}rner, M\ Broy, and I.V.\ Pottosin (Eds.)",
publisher = "LNCS 735, Springer-Verlag",
year =  "1993", 
pages = "256-266"                                                         }

@inproceedings{apaZhou93, 
author =  "Chao Chen Zhou", 
title = "{Duration Calculi: An Overview}",
booktitle = 
"Proceedings of Formal Methods in Programming and Their Applications,
 D.\ Bj{\o}rner, M\ Broy, and I.V.\ Pottosin (Eds.)",
publisher = "LNCS 735, Springer-Verlag",
year =  "1993", 
pages = "256-266"                                                         }

@inproceedings(Zhou96,
author =
  "Chao Chen Zhou",
TITLE ="A first order interval logic",
BOOKTITLE = "",
YEAR = 1996,
editor =  "",
pages = "",
publisher = "",
address = "",
month = "",
note = "Draft"
)

@inproceedings{ZHRR92, 
author    = "ZChao Chen hou and Michael R.\ Hansen and A.P.\ Ravn and 
             Hans Rischel",  
title     = "Duration Specifications for Shared Processors",
booktitle = "Symposium on Formal Techniques in Real-Time and Fault
             Tolerant Systems", 
publisher = "Springer Verlag",
series    = "Lecture Notes in Computer Science",
volume    = "571",
year      = "1992", 
month     = "January",
pages     = "21-32",
address   = "Nijmegen"
}

@article{ZHR91,
author = "Chao Chen Zhou and C.A.R.~Hoare and A.P.~Ravn",
title = "{A Calculus of Durations}",
journal = "Information Processing Letters", 
volume = "40", 
number = "5",
pages = "269-276", 
year = "1991"                                             
}

@article{apaZHR91,
author = "Chao Chen Zhou and C.A.R.~Hoare and A.P.~Ravn",
title = "{A Calculus of Durations}",
journal = "Information Processing Letters", 
volume = "40", 
number = "5",
pages = "269-276", 
year = "1991"                                             
}

@inproceedings{ZHS93, 
author    = "Chao Chen Zhou and M.R.\ Hansen and P.\ Sestoft", 
title     = "Decidability and Undecidability Results for Duration Calculus",
booktitle = "STACS'93",
editor    = "P.\ Enjalbert and A.\ Finkel and K.W.\ Wagner",
publisher = "Springer Verlag",
series    = "Lecture Notes in Computer Science",
volume    = "665",
year      = "1993",
pages     = "58-68"      
}                                    

@inproceedings{apaZHS93, 
author    = "Chao Chen Zhou and M.R.\ Hansen and P.\ Sestoft", 
title     = "Decidability and Undecidability Results for Duration Calculus",
booktitle = "STACS'93",
editor    = "P.\ Enjalbert and A.\ Finkel and K.W.\ Wagner",
publisher = "Springer Verlag",
series    = "Lecture Notes in Computer Science",
volume    = "665",
year      = "1993",
pages     = "58-68"      
}                                    


@inproceedings{ZHX95,
author = "Chao Chen Zhou and Dang Van Hung and Li Xiaoshan",
title = "A Duration Calculus with Infinite Intervals",
booktitle = "Fundamentals of Computation Theory, Horst Reichel (Ed.)",
publisher = "LNCS 965, Springer-Verlag",
pages = "16-41", 
year =  "1995"                                                       }

@inproceedings{apaZHX95,
author = "Chao Chen Zhou and Dang Van Hung and Xiaoshan Li",
title = "A Duration Calculus with Infinite Intervals",
booktitle = "Fundamentals of Computation Theory, Horst Reichel (Ed.)",
publisher = "LNCS 965, Springer-Verlag",
pages = "16-41", 
year =  "1995"                                                       }

@inproceedings{ZZYL94,
author = "Chao Chen Zhou and Zhang Jingzhong and Yang Lu and Li Xiaoshan",
title = "Linear Duration Invariants",
booktitle = "Formal Techniques in Real-Time and Fault-Tolerant Systems,
H.\ Langmack, W.-P.\ de Roever, and J.\ Vytopil (Eds.)",
publisher = "LNCS 863, Springer-Verlag",
year = "1994",
pages = "86-109"                                                 }

@techreport{ZWR95,
AUTHOR       = "Chao Chen Zhou and Wang Ji and Anders P. Ravn",
TITLE        = "{A Formal Description of Hybrid Systems}",
TYPE         = "Technical Report",
INSTITUTION  = "{\sf UNU/IIST}",
ORGANISATION = "International Institute for Software
                 Technology, United Nations University",
ADDRESS      = "P.O.Box 3058, Macau",
MONTH        = "Dec",
NUMBER       = "57",
YEAR         = "1995",
NOTE         = ""}


@techreport{apaZWR95,
AUTHOR       = "Chao Chen Zhou and Wang Ji and Anders P. Ravn",
TITLE        = "{A Formal Description of Hybrid Systems}",
TYPE         = "Technical Report",
INSTITUTION  = "{\sf UNU/IIST}",
ORGANISATION = "International Institute for Software
                 Technology, United Nations University",
ADDRESS      = "P.O.Box 3058, Macau",
MONTH        = "Dec",
NUMBER       = "57",
YEAR         = "1995",
NOTE         = ""}


@Book{classic-mind,
  title = 	 "{A Classical Mind: 
Essays in Honour of C.A.R.\ Hoare}",
  publisher = 	 "Prentice Hall International",
  year = 	 "1994",
  OPTkey = 	 "",
  editor = 	 "A.~W. Roscoe",
  month = 	 "January",
  OPTnote = 	 "",
  OPTannote = 	 ""
}


@incollection{ZL94,
author = "Chao Chen Zhou and Li Xiaoshan", 
title = "A Mean Value Calculus of Durations",
booktitle = "A Classical Mind: Essays in Honour of C.A.R.\ Hoare",
editor = "A.W.\ Roscoe", 
publisher = "Prentice Hall International",
year = "1994", 
pages = "431-451" 
}                                               

@incollection{apaZL94,
author = "Chao Chen Zhou and Li Xiaoshan", 
title = "A Mean Value Calculus of Durations",
booktitle = "A Classical Mind: Essays in Honour of C.A.R.\ Hoare",
editor = "A.W.\ Roscoe", 
publisher = "Prentice Hall International",
year = "1994", 
pages = "431-451" 
}                                               


@inproceedings{ZRH93,
author = "Chao Chen Zhou and A.P.\ Ravn and M.R.\ Hansen",
title = "An Extended Duration Calculus for Hybrid Systems",
booktitle = "Hybrid Systems", 
editor= "R.L.\ Grossman and A.\ Nerode and A.P.\ Ravn and H.\ Rischel",
publisher = "Springer-Verlag",
series    = "Lecture Notes in Computer Science",
volume    = "736",
pages = "36-59",
year = "1993"
}

@inproceedings{apaZRH93,
author = "Chao Chen Zhou and A.P.\ Ravn and M.R.\ Hansen",
title = "An Extended Duration Calculus for Hybrid Systems",
booktitle = "Hybrid Systems", 
editor= "R.L.\ Grossman and A.\ Nerode and A.P.\ Ravn and H.\ Rischel",
publisher = "Springer-Verlag",
series    = "Lecture Notes in Computer Science",
volume    = "736",
pages = "36-59",
year = "1993"
}
		  
@techreport{ZH93,
AUTHOR       = "Chao Chen Zhou and Michael R.\ Hansen",
TITLE        = "{Lecture Notes on Logical Foundations for the
                Duration Calculus}",
INSTITUTION  = "{\sf UNU/IIST}",
ORGANIZATION = "International Institute for Software
                Technology, United Nations University",
ADDRESS      = "P.O.Box 3058, Macau",
TYPE         = "Lecture Notes,",
NUMBER       = "13",
MONTH        = "August",
YEAR         = "1993",
NOTE         = ""}


@techreport{apaZH93,
AUTHOR       = "Chao Chen Zhou and Michael R.\ Hansen",
TITLE        = "{Lecture Notes on Logical Foundations for the
                Duration Calculus}",
INSTITUTION  = "{\sf UNU/IIST}",
ORGANIZATION = "International Institute for Software
                Technology, United Nations University",
ADDRESS      = "P.O.Box 3058, Macau",
TYPE         = "Lecture Notes,",
NUMBER       = "13",
MONTH        = "August",
YEAR         = "1993",
NOTE         = ""}


