	 
@inproceedings{AstesianoR86,
  author    = {Egidio Astesiano and
               Gianna Reggio},
  title     = {{An Outline of the SMoLCS Approach}},
  booktitle = {Mathematical Models for the Semantics of Parallelism},
  year      = {1986},
  pages     = {81-113}}
		  
@unpublished{ddc:url1,
  author    = "Chris W. George",
  title     = "{Download for the {\tt RAISE} Tool Set}",
  note      =
  "{\texttt{ftp://ftp.\-iist\-.unu.\-edu/\-pub/\-RAISE/\-method\-\_book/}.
  United Nations
  University's International Institute for Software Technology,
  P.O.Box 3058, Macao SAR, China}"}    
	  
@unpublished{ddc:url2,
  author    = "Jan Storbank Pedersen",
  title     = "{Terma Information about the  {\tt RAISE} Tool Set}",
  note      =
  "{\texttt{http://\-spd-web.\-terma.com/\-Pro\-jects/\-RAISE}. Terma Inc.,
  Herlev, Denmark}"} 
		  
@unpublished{ddc:url3,
  author    = "Jan Storbank Pedersen",
  title     = "{Information about industrial use of \texttt{{\RAISE}}}",
  note      =
  "{\texttt{http://\-spd-web.\-terma.com/\-Projects/\-RAISE/\-pro\-ject.html}. Terma 
  Inc., Herlev, Denmark}"}  
		  
@unpublished{ddc:url4,
  author    = "Chris W. George",
  title     = "{UNU-IIST's RAISE Web Pages}",
  note      = "{\texttt{http://www.\-iist.\-unu.\-edu/\-raise/}. United Nations
  University's International Institute for Software Technology,
  P.O.Box 3058, Macao SAR, China}"}   
	  
		  
@TECHREPORT{Joergensen88,
  KEY           = "J\o{}rgensen\&88",
  AUTHOR        = "J. J\o{}rgensen and S.U. Palm and P. Christensen
  and P. Haff and
                   L.W. Henriksen and P. Sestoft",
  TITLE         = "{Preliminary Definition of the RAISE Specification
  Language}", 
  INSTITUTION   = "Dansk Datamatik Center",
  YEAR          = "1988",
  MONTH         = "February",
  NUMBER        = "RAISE/\-DDC/\-JJ/\-14/\-V6",
  ANNOTE        = "",
  COMMENT       = "Bought. OBL."}
	  
@TECHREPORT{ddc:Meiling&86,
  KEY           = "Meiling\&86",
  AUTHOR        = "E. Meiling and C.W. George",
  TITLE         = "{The RAISE Language and Method}",
  INSTITUTION   = "Dansk Datamatik Center",
  YEAR          = "1986",
  MONTH         = "September",
  NUMBER        = "RAISE/DDC/EM/21/V1",
  ANNOTE        = "",
  COMMENT       = ""}

@ARTICLE{ddc:Nielsen&89a,
  KEY           = "Nielsen\&89",
  AUTHOR        = "Mogens Nielsen and Klaus Havelund and Kim Ritter Wagner
                   and Chris George",
  TITLE         = "{The RAISE Language, Method and Tools}",
  JOURNAL       = "Formal Aspects of Computing",
  YEAR          = "1989",
  MONTH         = "January--March",
  VOLUME        = "1",
  NUMBER        = "1",
  PAGES         = "85--114",
  SIZE          = "30?",
  ANNOTE        = "",
  COMMENT       = ""}
	
@INPROCEEDINGS{ddc:SP87,
  KEY           = "Prehn87",
  AUTHOR        = "S\o{}ren Prehn",
  EDITOR        = "Bj\o{}rner, Jones, Airchinnigh and Neuhold",
  TITLE         = "{From VDM to RAISE}",
  BOOKTITLE     = "{VDM '87 VDM -- A Formal Method at Work}",
  ORGANIZATION  = "VDM-Europe",
  PUBLISHER     = "Springer-Verlag LNCS 252",
  YEAR          = "1987",
  PAGES         = "141--150",
  SIZE          = "422",
  ANNOTE        = "In this paper, the transition from VDM to RAISE is discussed.
                   Problems with VDM and their solutions within RAISE are
                   outlined. The lacks of a mathematical semantics, a
                   consistent set of useful proof rules and a workable 
                   structuring concept is pointed out as serious problems.",
  COMMENT       = ""}
	  
@TECHREPORT{ddc:Nielsen&88b,
  KEY           = "Nielsen\&88",
  AUTHOR        = "Mogens Nielsen and Steen Lynenskjold",
  TITLE         = "{RAISE Project Overview}",
  INSTITUTION          = "Dansk Datamatik Center",
  YEAR          = "1988",
  MONTH         = "November",
  NUMBER        = "RAISE/DDC/MN/19/V3",
  SIZE          = "71",
  ANNOTE        = "",
  COMMENT       = ""}
		  
@TECHREPORT{ddc:Meiling&87,
  KEY           = "Meiling\&87",
  AUTHOR        = "E. Meiling and C.W. George",
  TITLE         = "{The RAISE Language, Method and Tools}",
  INSTITUTION   = "Dansk Datamatik Center",
  YEAR          = "1987",
  MONTH         = "September",
  NUMBER        = "RAISE/DDC/EM/27/V1",
  ANNOTE        = "",
  COMMENT       = ""}

@INCOLLECTION{ddc:p:db:Bj80g,
  KEY           = "Bj{\o}rner 80g",
  AUTHOR        = "Dines Bj{\o}rner and Ole N. Oest",
  TITLE         = "{The {DDC A}da Compiler Development Project}",
  BOOKTITLE     = "{Towards a Formal Description of {A}da}",
  PUBLISHER     = S-V,
  SERIES        = LNCS,
  VOLUME        = "98",
  EDITOR        = "Dines Bj{\o}rner and Ole N. Oest",
  PAGES         = "1--19",
  YEAR          = "1980",
  ANNOTE        = "Outlines the basic 
{\it VDM} development steps
to be followed, and followed, in the 
Dansk Datamatik Center (DDC)
Ada compiler development project --- 1981--1984"}
	
@INCOLLECTION{ddc:Prehn87a,
  KEY		= "Prehn 87",
  AUTHOR	= "S. Prehn",
  TITLE		= "{From VDM to RAISE}",
  BOOKTITLE	= "{VDM'87}",
  PAGES		= "141-150", 
  PUBLISHER	= "Springer",
  YEAR		= "1987",
  ANNOTE	= ""}
  	
@INPROCEEDINGS{ddc:Nie88,
  KEY		= "Nielsen 88",
  AUTHOR	= "M. Nielsen and K. Havelund and K.R. Wagner and C. George",
  TITLE		= "{The RAISE Language, Method and Tools}",
  BOOKTITLE	= "{VDM'88}",
  YEAR		= "1988",
  MONTH		= "September", 
  PAGES		= "376-405", 
  ANNOTE	= ""}
  
@BOOK{ddc:RAISE91,
  KEY           = "RAISE 1",
  AUTHOR        = "The RAISE Language Group",
  TITLE         = "{The {RAISE} Specification Language}",
  PUBLISHER     = PHI,
  SERIES        = "The BCS Practitioners Series",
  YEAR          = "1992",
  ANNOTE        = ""}
  		
@book{ddc:adafdx,
  editor    = "{DDC, Univ. of Pisa, CRAI, CNRS IEI Pisa and Univ. of Genoa}",
  title     = "{The Draft Formal Definition of Ada}",
  note      = "3 volumes",
  publisher = "Dansk Datamatik Center",
  year      = "1987"}   
	
@techreport{ddc:astesiano:1987,
  author    = "E. Astesiano and C. Bendix Nielsen and A. Fantechi and
  A. Giovani and
    E.W. Karlsen and F. Mazzanti and G. Reggio and E Zucca",
  title     = "{The Draft Formal
    Definition of Ada, The Dynamic Semantics Definition}",
  institution = "{Dansk
    Datamatik Center/CRAI/IEI/University of Genoa}",
  month     = "January",
  year      = "1987"}

@techreport{ddc:jsp1987b,
  author    = "Nicola Botta and Jan Storbank Pedersen",
  title     = "{The Draft Formal Definition of
    Ada, The Static Semantics Definition}",
  institution = "{Dansk Datamatik Center}",
  month     = "January",
  year      = "1987"}
		  
@techreport{ddc:genoa1986a,
  author    = "G. Reggio and P. Invarardi and E. Astesiano and
  A. Fantechi and  A. Giovani and
    F. Mazzanti and E Zucca",
  title     = "{The Draft Formal Definition of Ada, The
    User Manual of the Meta-Language}",
  institution = "{CRAI/IEI/University of Genoa}", 
  month     = "January",
  year      = "1986"}
		    
@InProceedings{ddc:jsp1987a,
  author    = "Jan Storbank Pedersen",
  title     = "{VDM in Three Generations of Ada Formal
    Descriptions}",
  booktitle = "{VDMâ€™87, VDM - A Formal Method at Work}",
  year      = "1987",
  volume    = "252",
  series    = "Lecture Notes in Computer Science",
  month     = "March",
  organisation= "VDM Europe (now FME)",
  publisher = "Springer",
  note      = ""}
		  
	
		  
@unpublished{ddc:OA1,
  author    = "J{\o}rgen Bundgaard and Gert Schmeltz Pedersen and Jan
Storbank Pedersen and Kirsten Hansen and Per Kvorning and Bo
Nilsson", 
  title     = "{Kontor-Automations-Systemer (KAS) -- Et
studieprojekt}",
  note      = "DDC document: DDC 04/1981-04-30",
  month     = "",
  year      = ""}  
		  
	  
@unpublished{ddc:OA2,
  author    = "Kjeld Schmidt",
  title     = "{Kontorarbejde og kontoranalyse}",
  note      = "in \textsc{Cubus}",
  month     = "July",
  year      = "1987"}  
		  
		  
@unpublished{ddc:hhl-ddc,
  author    = "Hans H. L{\o}vengreen",
  title     = "{Metodikker og v{\ae}rkt{\o}jer til konstruktion af
      programmel (KOMET)}",
  note      = "Report DDC-05, 229 pages",
  month     = "Februar",
  year      = "1981"}
		  
  
@TECHREPORT{ddc:Bj85,
  KEY           = "Bj{\o}rner 85",
  AUTHOR        = "D. Bj{\o}rner and T. Denvir and E. Meiling and
J.S. Pedersen",
  TITLE         = "{The {RAISE} Project Fundamental Issues and Requirements}",
  INSTITUTION   = DDC,
  YEAR          = "1985",
  NUMBER        = "RAISE/DDC/EM/1/V6",
  ANNOTE        = ""}

@TECHREPORT{ddc:Bru82,
  KEY           = "Bruun 82",
  AUTHOR        = "H. Bruun and J. Bundgaard and J. J{\o}rgensen",
  TITLE         = "{Portable Ada Programming System, Ada Static Semantics,
  Well-formedness Criteria}",
  INSTITUTION   = DDC,
  YEAR          = "1982",
  MONTH         = "March",
  ANNOTE        = ""}

	
@TECHREPORT{ddc:Clem81b,
  KEY           = "Clemmensen 80",
  AUTHOR        = "G.B. Clemmensen and H.H. L{\o}vengreen",
  TITLE         = "{Portable Ada Programming System, Dynamic Semantics,
  Description of Ada Tasking}",
  INSTITUTION   = DDC,
  YEAR          = "1981",
  MONTH         = "Nov.",
  ANNOTE        = ""}

@MASTERSTHESIS{ddc:Clem81a,
  KEY           = "Clemmensen 81",
  AUTHOR        = "G.B. Clemmensen",
  TITLE         = "{A Formal Model of Distributed {A}da Tasking}",
  SCHOOL        = TUD,
  YEAR          = "1981",
  MONTH         = "Sept.",
  ANNOTE        = ""}

@INCOLLECTION{ddc:Clem82,
  KEY           = "Clemmensen 82",
  AUTHOR        = "G.B. Clemmensen",
  TITLE         = "{A Formal Model of Distributed {A}da Tasking}",
  BOOKTITLE     = "Proc. Ada-TEC Conference",
  PUBLISHER     = "SIGPLAN",
  YEAR          = "1982",
  MONTH         = "Oct.",
  ANNOTE        = ""}

@INPROCEEDINGS{ddc:Clem84,
  KEY           = "Clemmensen 84",
  AUTHOR        = "G.B. Clemmensen and O. Oest",
  TITLE         = "{Formal Specification and Development of an {A}da Compiler
  -- A {VDM} Case Study}",
  BOOKTITLE     = "Proc. 7th International Conf. on Software Engineering,
  26.-29. March 1984, Orlando, Florida",
  ORGANIZATION  = "IEEE",
  YEAR          = "1984",
  PAGES         = "430-440",
  ANNOTE        = ""}
	  
@MISC{ddc:DDC,
  KEY           = "DDC",
  EDITOR        = "Dansk Datamatik Center",
  TITLE         = "{Portable {A}da Programming System:
         (1) {A}da Static Semantics -- Wellformedness Criteria,
         (2) {A}da Static Semantics -- {AS1} $\rightarrow$ {AS2} Transformation,
         (3) Dynamic Semantics -- Description of Sequential {A}da,
         (4) Dynamic Semantics -- Description of {A}da Tasking,
         (5) Dynamic Semantics -- Input-Output Model}",
  ANNOTE        = ""}

@TECHREPORT{ddc:FMA,
  KEY           = "RAISE",
  AUTHOR        = "S. Prehn and I. {\O}. Hansen",
  TITLE         = "{Formal Methods Appraisal}",
  INSTITUTION   = "Dansk Datamatik Center",
  VOLUME = "FMA/DDC/SP",
  YEAR          = "1983",
  ANNOTE        = ""}

@TECHREPORT{ddc:Kentrikos,
  KEY           = "RAISE",
  AUTHOR        = "K. Havelund and K. Ritter Wagner",
  TITLE         = "{Kentrikos}",
  INSTITUTION   = "Dansk Datamatik Center",
  NUMBER        = "RAISE/\-DDC/\-KH/\-27/\-V5",
  YEAR          = "1987",
  NOTE        = ""}

@TECHREPORT{ddc:Stor82,
  KEY           = "Storbank 82",
  AUTHOR        = "J. Storbank Pedersen and P. Folkj{\ae}r and I.{\O}. Hansen",
  TITLE         = "{Portable Ada Programming System, Dynamic Semantics,
  Description of Sequential Ada}",
  INSTITUTION   = DDC,
  YEAR          = "1982",
  MONTH         = "March",
  ANNOTE        = ""}
		  

@TECHREPORT{ddc:Sestoft86,
  KEY           = "P. Sestoft",
  AUTHOR        = "P. Sestoft and H. S{\o}ndergaard",
  TITLE         = "{Non-Determinacy and its Semantics}",
  INSTITUTION   = "Dansk Datamatik Center",
  YEAR          = "20. October 1986",
  TYPE          = "Technical University of Denmark, Dept. of Comp.
Sci., Techn. Report, RAISE/DDC/HS/V4",
  ANNOTE        = ""}

		  

@TECHREPORT{ddc:Han85,
  KEY= "Hansen 85",
  AUTHOR= "I.{\O}. Hansen and  N. Bleech",
  TITLE= "{Meta-IV Tool-set, Functional Specification}",
  INSTITUTION= DDC,
  YEAR= "1985",
  NUMBER= "DDC 165/RPT/2", 
  ANNOTE= ""}

@TECHREPORT{ddc:Pre83,
  KEY= "Prehn 83",
  AUTHOR= "S.Prehn and  I.{\O}.Hansen and  S.U.Palm and  P.G{\o}bel",
  TITLE= "{Formal Methods Appraisal, First Report}",
  INSTITUTION= DDC,
  YEAR= "1983",
  NUMBER= "DDC 86/1983-06-24", 
  ANNOTE= ""}
  
@TECHREPORT{ddc:Bjorner88,
  KEY           = "Bj\o{}rner\&88",
  AUTHOR        = "D. Bj\o{}rner, T. Denvir, E. Meiling and J.S. Pedersen",
  TITLE         = "{Preliminary Definition of the RAISE Specification Language}",
  INSTITUTION   = "Dansk Datamatik Center",
  YEAR          = "1988",
  MONTH         = "February",
  NUMBER        = "RAISE/\-DDC/\-JJ/\-14/\-V6",
  ANNOTE        = "",
  COMMENT       = ""}
	
@ARTICLE{ddc:Bjorner&92,    
  KEY           = "Bj{\o}rner\&92",
  AUTHOR        = "D. Bj{\o}rner and A. Haxthausen and K. Havelund",
  TITLE         = "{Formal, {M}odel-oriented {S}oftware 
                   {D}evelopment {M}ethods  ---
                   {F}rom {VDM} to {ProCoS} \& from {RAISE} to {LaCoS}}", 
  JOURNAL       = "Future Generation Computer Systems",
  YEAR          = "1991/92",
  VOLUME        = "10",
  NUMBER        = "7"}              
	  
@TECHREPORT{ddc:Meil86,
  KEY		= "Meiling 86",
  AUTHOR	= "E. Meiling and  Chris W. George",
  TITLE		= "{The RAISE Language and Method}",
  INSTITUTION	= DDC,
  YEAR		= "1986",
  NUMBER	= "RAISE/DDC/EM21", 
  ANNOTE	= ""}

@TECHREPORT{ddc:Bot87,
  KEY		= "Botta 87",
  AUTHOR	= "N.Botta and J.S.Pedersen",
  TITLE		= "{The Draft Formal Definition of Ada, The Static Semantics
  Definition}",
  INSTITUTION	= DDC,
  YEAR		= "1987",
  MONTH		= "Jan.", 
  ANNOTE	= ""}

@TECHREPORT{ddc:Clem81,
  KEY		= "Clemmensen 80",
  AUTHOR	= "G.B.Clemmensen and H.H.L{\o}vengreen",
  TITLE		= "{Portable Ada Programming System, Dynamic Semantics,
  Description of Ada Tasking}",
  INSTITUTION	= DDC,
  YEAR		= "1981",
  MONTH		= "Nov.", 
  ANNOTE	= ""}

@TECHREPORT{ddc:Go81,
  KEY		= "G{\o}bel 81",
  AUTHOR	= "P. G{\o}bel",
  TITLE		= "{Portable Ada Programming System, Dynamic Semantics,
  Input-Output Model}",
  INSTITUTION	= DDC,
  YEAR		= "1981",
  MONTH		= "Oct.", 
  ANNOTE	= ""}

@TECHREPORT{ddc:Jorg81,
  KEY		= "J{\o}rgensen 81",
  AUTHOR	= "J. J{\o}rgensen",
  TITLE		= "{Portable Ada Programming System, Ada Static Semantics,
  AS1 $\rightarrow$ AS2 Transformation}",
  INSTITUTION	= DDC,
  YEAR		= "1981",
  MONTH		= "Nov.", 
  ANNOTE	= ""}



@TECHREPORT{ddc:Bund81,
  KEY		= "Bundgaard 81",
  AUTHOR	= "J. Bundgaard and J. Storbank Pedersen",
  TITLE		= "{Kontor-Automations-Systemer (KAS), En formel model af
  generisk KAS}",
  INSTITUTION	= DDC,
  YEAR		= "1981",
  NUMBER	= "DDC004/1981-06-24/B", 
  ANNOTE	= ""}

@INPROCEEDINGS{ddc:Oest'86,
  KEY		= "Oest 86",
  AUTHOR	= "O. Oest",
  TITLE		= "{VDM From Research to Practice}",
  BOOKTITLE	= "Information Processing '86",
  EDITOR        = "H.-J. Kugler",
  ORGANIZATION	= IFIP, 
  PUBLISHER	= N-H, 
  YEAR		= "1986",
  PAGES		= "527-533", 
  ANNOTE	= ""}

@TECHREPORT{ddc:vdm:Bjorner&85,
  KEY           = "Bj{\o}rner\&85",
  AUTHOR        = "D.Bj{\o}rner and T.Denvir and E.Meiling and J.S.Pedersen",
  TITLE         = "{The RAISE Project Fundamental Issues and Requirements}",
  INSTITUTION   = "Dansk Datamatik Center",
  YEAR          = "1985",
  NUMBER        = "RAISE/DDC/EM/1/V6", 
  ANNOTE        = "",
  COMMENT       = ""}

@TECHREPORT{ddc:vdm:DDC85a,
  KEY           = "Bleech\&85",
  AUTHOR        = "Nick Bleech and Nicola Botta and Ida \O rding Hansen",
  TITLE         = "{Meta-IV Tool-set: Abstract Syntax}",
  INSTITUTION   = "Dansk Datamatik Center",
  YEAR          = "1985",
  MONTH         = "June",
  NUMBER        = "DDC 164/RPT/4, Edition 2",
  ANNOTE        = "The document contains an abstract syntax for the second
                   version of DDC Meta-IV.",
  COMMENT       = ""}

@TECHREPORT{ddc:vdm:Bundgaard&81,
  KEY           = "Bundgaard\&81",
  AUTHOR        = "J. Bundgaard, J. Storbank Pedersen",
  TITLE         = "{Kontor-Automations-Systemer (KAS), En formel model af
                   generisk KAS}",
  INSTITUTION   = "Dansk Datamatik Center",
  YEAR          = "1981",
  NUMBER        = "DDC004/1981-06-24/B", 
  NOTE          = "(In Danish)",
  ANNOTE        = "",
  COMMENT       = ""}

@TECHREPORT{ddc:vdm:Haff,
  KEY           = "Haff80",
  AUTHOR        = "Peter Haff",
  TITLE         = "{A Formal Definition of CHILL. A Supplement to the
                   CCITT Recommendation Z.200}",
  INSTITUTION   =  "Dansk Datamatik Center", 
  YEAR          = "1980",
  ANNOTE        = "This report attempt to combine VDM and CSP. It features 
                   an attractive style of presentation of `operational
                   intuition', but fails to have been given a satisfactory
                   semantics. S\o{}ren Prehn uses the report as an example
                   to extend VDM with some means for expressing concurrency.",
  COMMENT       = ""}

@INCOLLECTION{ddc:vdm:Haff&87,
  KEY           = "Haff\&87",
  AUTHOR        = "P.Haff, A.V.Olsen",
  TITLE         = "{Use of VDM within CCITT}",
  BOOKTITLE     = "{VDM -- A Formal Method at Work}",
  PAGES         = "324-330", 
  PUBLISHER     = "Springer",
  YEAR          = "1987",
  ANNOTE        = "",
  COMMENT       = ""}

@TECHREPORT{ddc:vdm:Hansen&85a,
  KEY           = "Hansen\&85",
  AUTHOR        = "I.{\O}. Hansen, N. Bleech",
  TITLE         = "{Meta-IV Tool-set, Functional Specification}",
  INSTITUTION   = "Dansk Datamatik Center",
  YEAR          = "1985",
  NUMBER        = "DDC 165/RPT/2", 
  ANNOTE        = "",
  COMMENT       = ""}

@TECHREPORT{ddc:vdm:RAISEasyn,
  KEY           = "Hansen\&85",
  AUTHOR        = "Ida \O rding Hansen and Jesper J\o{}rgensen",
  TITLE         = "{Consolidated Meta-IV -- Abstract Syntax}",
  INSTITUTION   = "Dansk Datamatik Center",
  YEAR          = "1985",
  MONTH         = "December",
  TYPE          = "ESPRIT 315", 
  NUMBER        = "RAISE/DDC/55/4/v2",
  SIZE          = "54", 
  NOTE          = "3",
  ANNOTE        = "The document contains a draft proposal for an abstract 
                   syntax of Consolidated Meta-IV (based on DDC Meta-IV and 
                   the STC/VDM Reference Language) together with annotations for
                   the individual constructs. The purpose is to establish
                   a common basis among the RAISE partners.",
  COMMENT       = "I have a hardcopy and I have looked into parts of it
                   (PGL)."}
		  
		  
@TECHREPORT{ddc:vdm:RAISEcomp,
  KEY           = "Hansen\&85",
  AUTHOR        = "Ida \O rding Hansen and Jesper J\o{}rgensen",
  TITLE         = "{Meta-IV Dialects - Comparison of Syntaxes}",
  INSTITUTION   = "Dansk Datamatik Center",
  YEAR          = "1985",
  MONTH         = "December",
  TYPE          = "ESPRIT 315", 
  NUMBER        = "RAISE/DDC/I\O H/2/v3",
  SIZE          = "103", 
  NOTE          = "4",
  ANNOTE        = "This report compares existing dialects of Meta-IV (DDC 
                   Meta-IV and the STC/VDM Reference Language) and points out the 
                   differences. Constructs for expressing concurrency and for 
                   structuring specifications are disregarded.",
  COMMENT       = "I have a hardcopy and I have looked into parts of it
                   (PGL)."}

@TECHREPORT{ddc:vdm:Prehn&83,
  KEY           = "Prehn\&83",
  AUTHOR        = "S.Prehn and I.{\O}.Hansen and S.U.Palm and P.G{\o}bel",
  TITLE         = "{Formal Methods Appraisal, First Report}",
  INSTITUTION   = "Dansk Datamatik Center",
  YEAR          = "1983",
  NUMBER        = "DDC 86/1983-06-24", 
  ANNOTE        = "",
  COMMENT       = ""}

@TECHREPORT{vdm:Sondergaard&87a,
  KEY           = "S\o{}ndergaard\&87",
  AUTHOR        = "Harald S\o{}ndergaard and Peter Setoft",
  TITLE         = "{Non-determinacy and its Semantics}",
  INSTITUTION   = "DDC",
  YEAR          = "1987",
  MONTH         = "January",
  SIZE          = "73",
  ANNOTE        = "The report investigates non-deterministic programming 
                   language constructs and their mathematical semantics.",
  COMMENT       = ""}
