
@Book{tufte2,
  author = 	 "Edward R. Tufte",
  title = 	 "{Envisioning Information}",
  publisher = 	 "Graphics Press",
  year = 	 "1990",
  address = "P.O.Box 430, Cheshire, Connecticut 06410, USA",
  OPTedition = 	 "",
  note = 	 "A follow\--on, partly, with \cite{tufte1},
                  overlapping, yet still 
                  seminal {\sl oeuvre\/}",
  OPTannote = 	 ""
}
follow\--on, partly, with ,
                  overlapping, yet still 
                  

@Book{tufte1,
  author = 	 "Edward R. Tufte",
  title = "{The Visual Display of Quantitative Information}",
  publisher = 	 "Graphics Press",
  year = 	 "1983",
  address = "P.O.Box 430, Cheshire, Connecticut 06410, USA",
  OPTedition = 	 "",
  note = 	 "A seminal {\sl oeuvre\/}. See also
                 follow\--in \cite{tufte2}",
  OPTannote = 	 ""
}

