
@Book{Galle2021,
  author = 	 "Per Galle",
  title = 	 "{The paradox of creative design: Exploring what
                   never was and how it might be}", 
  publisher = 	 "Submitted for consideration: MIT Press",
  year = 	 "2021"}  
		