
@MastersThesis{thorun.fish.99,
  author = 	 "Audue Thorunn R{\"o}gnvaldsdottir",
  title = 	 "{Domain Model of A Fisheries Industry}",
  school = 	 "Dept.\ of Computer Science \& Technology, 
                  Technical University of Denmark",
  year = 	 "1998",
  address = 	 "Bldg. 322, DK--2800~Lyngby, Denmark",
  type = 	 "MSc Thesis",
  month = 	 "September",
  note = 	 "Informal and formal descriptions are
                  presented for various aspects of a fisheries
                  industry."}


@MastersThesis{thsa.00,
  author = 	 "Thomas Andersen",
  title = 	 "{Development of a Banking Demo}",
  school = 	 "Dept.\ of Computer Science \& Technology, 
                  Technical University of Denmark",
  year = 	 "2000",
  address = 	 "Bldg. 322, DK--2800~Lyngby, Denmark",
  type = 	 "MSc Thesis",
  month = 	 "March",
  note = 	 "A domain model of banking is developed
                   --- via requirements --- into a demo
                   that visualises and animates banking
                   concepts and facilities"}


@MastersThesis{ksm.00.a,
  author = 	 "Karin Stella Mogensen and Jakob Braad",
  title = 	 "{Studies for the support of business
                   procedures}",
  school = 	 "Dept.\ of Computer Science \& Technology, 
                  Technical University of Denmark",
  year = 	 "2000",
  address = 	 "Bldg. 322, DK--2800~Lyngby, Denmark",
  type = 	 "Pre--MSc Thesis Project Report",
  month = 	 "June",
  note = 	 "This pre\--MSc. Thesis project report
                  is based very ``tightly'' on \cite{mja.95}"}


@MastersThesis{cj:arch98,
  author = 	 "Crilles Jansen",
  title = 	 "{Software Architectures 
and Program Organisation}",
  school =  "Department of Information Technology,
                  Technical University of Denmark",
  year = 	 "1998",
  type = 	 "MSc Thesis",
  address = 	 "DK--2800 Lyngby, Denmark",
  month = 	 "August",
  OPTnote = 	 "",
  OPTannote = 	 ""
}

@MastersThesis{aeir.00,
  author = 	 "Asger Eir",
  title = 	 "{A Computing Science Treatment of the
                   Civil Engineering Concepts of Building
                   Construction Documents}",
  school = 	 "Dept.\ of Information Technology, 
                  Technical University of Denmark",
  year = 	 "2000",
  address = 	 "Bldg. 322, DK--2800~Lyngby, Denmark",
  type = 	 "MSc Thesis",
  month = 	 "March",
  note = 	 "A development of a document system for
                  civil engineering building construction
                  is presented. It is based on proper
                  domain, requirements and software architecture
                  models. The main contributions of this MSc
                  Thesis is that of the proposal of denotational
                  semantics (and other) models for a large
                  spectrum of building description and other
                  documents"}



@MastersThesis{kmk.99,
  author = 	 "Kristian M. Kalsing",
  title = 	 "{Specification of Air Traffic Control}",
  school = 	 "SVC, The University of Queensland",
  year = 	 "1999",
  address = 	 "Brisbane, Australia",
  type = 	 "Report",
  month = 	 "October 3",
  note = 	 ""}

@MastersThesis{kmk.00,
  author = 	 "Kristian M. Kalsing",
  title = 	 "{Safety Analysis of Air Traffic based on
                   Domain Models}",
  school = 	 "Dept.\ of Computer Science \& Technology, 
                  Technical University of Denmark",
  year = 	 "2000",
  address = 	 "Bldg. 322, DK--2800~Lyngby, Denmark",
  type = 	 "MSc Thesis",
  month = 	 "July 21",
  note = 	 "A series of 
                  domain models are given for 
                  aircraft approach and related air traffic 
                  control. Based on this a {\sc Possum} 
                  model is developed with that model serving
                  as a basis for computerised safety analysis
                  of various air traffic aircraft approach
                  monitoring and control procedures"}

@MastersThesis{thn-ew.00,
  author = 	 "Ths. Hedemand Nielsen and Esben Woods",
  title = 	 "{Container Logistics}",
  school = 	 "Dept.\ of Computer Science \& Technology, 
                  Technical University of Denmark",
  year = 	 "2000",
  address = 	 "Bldg. 322, DK--2800~Lyngby, Denmark",
  type = 	 "Term project report",
  month = 	 "August",
  note = 	 "A domain model is presented for logistics
                  aspects of contain transport: From source
                  of (customer) origin, by truck, train, air 
                  and/or boat, via container yards, etc."}

@MastersThesis{kwb-plc.00,
  author = 	 "Karin Wrang Bruun and Peder la Cour",
  title = 	 "{Metropolitan Transport}",
  school = 	 "Dept.\ of Computer Science \& Technology, 
                  Technical University of Denmark",
  year = 	 "2000",
  address = 	 "Bldg. 322, DK--2800~Lyngby, Denmark",
  type = 	 "Term project report",
  month = 	 "August",
  note = 	 "A domain model is presented for metropolitan
                  transport: Bus, train, metro, canal, taxi,
                  etc. traffic"}


@MastersThesis{mbh-na.00,
  author = 	 "Nikolaj Graff Andersen and 
                  Michael Bigom Herold",
  title = 	 "{Actual and Virtual Universities}",
  school = 	 "Dept.\ of Computer Science \& Technology, 
                  Technical University of Denmark",
  year = 	 "2000",
  address = 	 "Bldg. 322, DK--2800~Lyngby, Denmark",
  type = 	 "Term project report",
  month = 	 "August",
  note = 	 "A domain model is presented for the 
                  realm of universities as seen from the
                  stake\--holder perspectives of students,
                  lecturer/researchers and administrators"}

@MastersThesis{lady.duo.00,
  author = 	 "Angeles Angulo Jimenez and Yalda Naftchi",
  title = 	 "{Patient Medical Records}",
  school = 	 "Dept.\ of Computer Science \& Technology, 
                  Technical University of Denmark",
  year = 	 "2000",
  address = 	 "Bldg. 322, DK--2800~Lyngby, Denmark",
  type = 	 "Term project report",
  month = 	 "July 2",
  note = 	 "A domain model is presented for the
                  concept of patient medical records"}



@MastersThesis{ks-jaj.00,
  author = 	 "Katarszyna Sadowy and Jama Ali Jama",
  title = 	 "{A Resort Hotel System}",
  school = 	 "Dept.\ of Computer Science \& Technology, 
                  Technical University of Denmark",
  year = 	 "2000",
  address = 	 "Bldg. 322, DK--2800~Lyngby, Denmark",
  type = 	 "Term project report",
  month = 	 "June 30",
  note = 	 "A domain model is presented for the
                  concept of resort hotels"}


@MastersThesis{wy-tp.00,
  author = 	 "Wang Ying and Troels Pedersen",
  title = 	 "{Personal and Networked 
                   Time/Activity Calendar}",
  school = 	 "Dept.\ of Computer Science \& Technology, 
                  Technical University of Denmark",
  year = 	 "2000",
  address = 	 "Bldg. 322, DK--2800~Lyngby, Denmark",
  type = 	 "Term project report",
  month = 	 "June 28",
  note = 	 "A domain model is presented for the concept
                  of personal and distributed calendars"}


@MastersThesis{lz-mn-kk.00,
  author = 	 "Zhu Li and Michael Nwaki and Kristian Kamph",
  title = 	 "{The Market}",
  school = 	 "Dept.\ of Computer Science \& Technology, 
                  Technical University of Denmark",
  year = 	 "2000",
  address = 	 "Bldg. 322, DK--2800~Lyngby, Denmark",
  type = 	 "Term project report",
  month = 	 "June ``31'st''",
  note = 	 "A domain model is presented for the
                  concept of market: Consumers, suppliers,
                  traders and producers"}


@MastersThesis{ng.00,
  author = 	 "Niels Cunningham Glim{\o}",
  title = 	 "{Personal Finance and Information Systems
       --- towards real electronic "smartcards"~!}",
  school = 	 "Dept.\ of Computer Science \& Technology, 
                  Technical University of Denmark",
  year = 	 "2000",
  address = 	 "Bldg. 322, DK--2800~Lyngby, Denmark",
  type = 	 "Term project report",
  month = 	 "August",
  note = 	 "Based on the technology concept of
                  smartcards domain analysis, requirements
                  and protocol descriptions are presented
                  for personal (i) finance, (ii) health 
                  information
                  and (iii) transportation"}

@TechReport{ja-mpl-dr-pv.air.99,
author      = "Jacob Andersen and
                    Morten Peter Lindegaard and 
                    Daria Rytter and
                    Peter Viuf",
title       = "{Airports, Airlines and Air Traffic: Domains, Requirements
                and Software Architectures}",
type        = "Term project report",
institution = "Dept. of Computer Science \& Technology, 
               Technical University of Denmark,
               Bldg.322, DK--2800 Lyngby, Denmark",
year        = "1999",
month       = "July",
OPTnote        = ""}

@TechReport{bwa-ta-lj-jlk.fisics.99,
author      = "Bjarke Wegge Andersen and
                    Thomas Andersen and
                    Lars Jensen and
                    Jon Lee Kierkegaard",
title       = "{Financial Service Industry Computing \& Communication
                Systems: Domains, Requirements
                and Software Architectures --- Banks, Insurance Companies,
                Securities Trading, Portfolio Management, Clearing \&c.}",
type        = "Term project report",
institution = "Dept. of Computer Science \& Technology, 
               Technical University of Denmark,
               Bldg.322, DK--2800 Lyngby, Denmark",
year        = "1999",
month       = "July",
OPTnote        = ""}

@TechReport{sno.hecs.99,
author      = "Steen Nikolaj Oldager",
title       = "{Health Care Systems: Domains, Requirements
                and Software Architectures}",
type        = "Term project report",
institution = "Dept. of Computer Science \& Technology, 
               Technical University of Denmark,
               Bldg.322, DK--2800 Lyngby, Denmark",
year        = "1999",
month       = "July",
OPTnote        = ""}

@TechReport{ae-js.mitras.99,
author      = "Asger Eir and
                    Jesper Saxtorph",
title       = "{Metropolitan Transport Systems: Domains, Requirements
                and Software Architectures}",
type        = "Term project report",
institution = "Dept. of Computer Science \& Technology, 
               Technical University of Denmark,
               Bldg.322, DK--2800 Lyngby, Denmark",
year        = "1999",
month       = "July",
OPTnote        = ""}

@TechReport{eh-mkk.limacs.99,
author      = "Erik Husmark amd 
                    Mads Kristian Kiilerich",
title       = "{Library Monitoring and Control Systems: 
                Domains, Requirements
                and Software Architectures}",
type        = "Term project report",
institution = "Dept. of Computer Science \& Technology, 
               Technical University of Denmark,
               Bldg.322, DK--2800 Lyngby, Denmark",
year        = "1999",
month       = "July",
OPTnote        = ""}

@TechReport{hmp.00,
author      = "Hans Madsen Petersen",
title       = "{A Logistics System}",
type        = "Term project report",
institution = "Dept. of Computer Science \& Technology, 
               Technical University of Denmark,
               Bldg.322, DK--2800 Lyngby, Denmark",
year        = "2000",
month       = "December",
OPTnote        = ""}
