
		  
		  
		  
		  
		  
		  

@techreport{Morley91mbr,
AUTHOR       = "M. J. Morley",
TITLE        = "Modeling {B}ritish {R}ail's {I}nterlocking 
                {L}ogic: {G}eographic {D}ata {C}orrectness",
INSTITUTION  = "Laboratory for Foundation of Computer Science",
TYPE         = tr,
NUMBER       = "ECS-LFSC-91-186",
ADDRESS      = "Department of Computer Science, University of Edinburgh,
                Edinburgh EH9 3JZ. Email: mjm@lfcs.ed.ac.uk.",
MONTH        = "November",
YEAR         = "1991",
NOTE         = ""}

@techreport{Cheung94aim,
AUTHOR       = "S. C. Cheung and J. Kramer",
TITLE        = "An {I}ntegrated {M}ethod for {E}fective 
                {B}ehaviour {A}nalysis of Distributed {S}ystems",
INSTITUTION  = "Department of Computing, Imperial College",
TYPE         = tr,
NUMBER       = "",
ADDRESS      = "180 Queen's Gate, London SW 7 2BZ, UK",
MONTH        = "May",
YEAR         = "1994",
NOTE         = ""}

@techreport{hkust,
AUTHOR       = "S. C. Cheung and J. Kramer",
TITLE        = "An {I}ntegrated {M}ethod for {E}fective 
                {B}ehaviour {A}nalysis of Distributed {S}ystems",
INSTITUTION  = "Department of Computing, Imperial College",
TYPE         = tr,
NUMBER       = "",
ADDRESS      = "180 Queen's Gate, London SW 7 2BZ, UK",
MONTH        = "May",
YEAR         = "1994",
NOTE         = ""}


@techreport{Morley93srs,
AUTHOR       = "M. J. Morley",
TITLE        = "Safety in {R}ailway {S}ignalling {D}ata:
                {A} {B}ehavioural {A}nalysis",
INSTITUTION  = "Laboratory for Foundation of Computer Science",
TYPE         = tr,
NUMBER       = "",
ADDRESS      = "Department of COmputer Science, University of Edinburgh,
                Edinburgh EH9 3JZ. Email: mjm@lfcs.ed.ac.uk.",
MONTH        = "August",
YEAR         = "1993",
NOTE         = ""}

@INPROCEEDINGS{Dan93,
  AUTHOR        = "B. Dandanell and J. G{\o}rtz and J. Storbank Pedersen and
		   E. Zierau",
  TITLE         = "Experiences from {A}pplications of {RAISE}: {R}eport 2",
  BOOKTITLE     = "\cite{fme93}",
  PUBLISHER     = "Springer-Verlag",
  PAGES         = "52--63",
  SERIES        = LNCS,
  VOLUME        = "670",
  YEAR          = "1993",
  ANNOTE        = ""}

@BOOK{fme93,
  EDITOR        = "J.C.P. Woodcock and P.G. Larsen",
  TITLE         = "{FME}'93: Industrial-Strength Formal Methods,
		   First International Symposium of Formal Methods Europe",
  PUBLISHER     = "Springer-Verlag",
  YEAR          = "1993",
  VOLUME        = "670",
  SERIES        = LNCS,
  ANNOTE        = ""}


@TECHREPORT{Dan94,
  AUTHOR        = "B. Dandanell and J. G{\o}rtz and J. Storbank Pedersen and
		   E. Zierau",
  TITLE         = "Experiences from {A}pplications of {RAISE}: {R}eport 3",
  INSTITUTION   = "Cap Programator, Glostrup, Denmark",
  YEAR          = "1994",
  NUMBER        = "LACOS/SYPRO/CONS/24",
  ANNOTE        = ""}

@INPROCEEDINGS{Geo93,
  KEY           = "George 93",
  AUTHOR        = "C,W. George and A. Haxthausen",
  TITLE         = "A {C}oncurrency {C}ase {S}tudy using {RAISE}",
  BOOKTITLE     = "\cite{fme93}",
  PUBLISHER     = "Springer-Verlag",
  SERIES        = LNCS,
  VOLUME        = "670",
  YEAR          = "1993",
  ANNOTE        = ""}

@inproceedings{gec-alsthom,
AUTHOR       = "Gerard Guiho and Fernando Meija",
TITLE        = "{O}perational {S}afety {C}ritical 
                {S}oftware {M}ethods in {R}ailways",
BOOKTITLE    = "World {C}omputer {C}ongress: {I}{F}{I}{P}'94",
EDITOR       = "Karl Kr{\"u}ger et al.",
SERIES       = "IFIP Transactions",
PUBLISHER    = "North-Holland, Amsterdam, The Netherlands",
ORGANIZATION = "I{F}{I}{P}: The {I}nternational
                {F}ederation for {I}nformation {P}rocessing",
MONTH        = "August",
YEAR         = "1994",
NOTE         = ""}


@techreport{Cullyer93aof,
AUTHOR       = "John Cullyer and Wai Wong",
TITLE        = "Application of {F}ormal {M}ethods to {R}ailway {S}ignalling - {A} {C}ase {S}tudy",
INSTITUTION  = "Department of Engineering, University of Warwick",
TYPE         = tr,
NUMBER       = "",
ADDRESS      = "Coventry, England",
MONTH        = "January",
YEAR         = "1994",
NOTE         = ""}

@techreport{cwg1,
AUTHOR       = "Chris W. George",
TITLE        = "Specification and {D}evelopment of {A}n {A}utomatic
		  {T}rain {S}ystem", 
INSTITUTION  = "CRI A/S",
TYPE         = "Internal Research Note",
NUMBER       = "LACOS/CRI/CWG/38",
NOTE         = ""}

@inproceedings{harrison,
AUTHOR       = "William Harrison and Harold Ossher",
TITLE        = "Subject-{O}riented {P}rogramming ({A} {C}ritique
                of {P}ure {O}bjects)",
BOOKTITLE    = "{O}{O}{P}{S}{L}{A} Conference Proceedings",
EDITOR       = "Andreas Paepcke",
PUBLISHER    = "ACM Press",
PAGES        = "411--428",
ORGANISATION = "Assoc.\ for Computing Machinery, SIGPAN",
ADDRESS      = "Notices Vol.28, No.10",
MONTH        = "October",
YEAR         = "1993",
NOTE         = ""}


@techreport{racosy14,
author      = "Wang Jie",
title       = "Verifying {R}eal-time {P}roperties for {R}ailway {S}ystems",
institution = "UNU/IIST",
type        = "Internal Research Note",
address     = "P.O.Box 3058, Macau",
month       = "May 26",
year        = "1994",
note        = ""}

@techreport{racosy15,
author      = "Yu XinYao",
title       = "Stability of {R}ailway {S}ystems",
institution = "UNU/IIST",
type        = "Internal Research Note",
address     = "P.O.Box 3058, Macau",
month       = "May 25",
year        = "1994",
note        = ""}

@techreport{racosy16,
author      = "Zhou Chaochen and Yu HuiQun",
title       = "A {D}uration {M}odel for {R}ailway {S}cheduling",
institution = "UNU/IIST",
type        = "Internal Research Note",
address     = "P.O.Box 3058, Macau",
month       = "May 20",
year        = "1994",
note        = ""}


@techreport{wardwilliams90,
AUTHOR       = "Paul T. Ward and Lloyd G. Williams",
TITLE        = "{\sl Domain {A}nalysis: {A}n {E}xample\/}",
INSTITUTION  = "Software Engineering Research",
ADDRESS      = "264 Ridgeview Lane,
                Boulder, Colorado 80302, USA",
TYPE         = "Research Report",
MONTH        = "May",
YEAR         = "1990",
NOTE         = ""}

@techreport{williams93,
AUTHOR       = "Lloyd G. Williams",
TITLE        = "{\sl Beyond {O}bject-{O}riented:
                {S}oftware {M}ethods for the 21st {C}entury\/}",
INSTITUTION  = "Software Engineering Research",
ADDRESS      = "264 Ridgeview Lane,
                Boulder, Colorado 80302, USA",
TYPE         = "OH Foils",
MONTH        = "October",
YEAR         = "1993",
NOTE         = "Presented at the Taian Intl.\ CASE Symposium,
                October, 1993"}

@techreport{williams91,
AUTHOR       = "Lloyd G. Williams",
TITLE        = "{\sl Modelling {M}ultiple {D}omains\/}",
INSTITUTION  = "Software Engineering Research",
ADDRESS      = "264 Ridgeview Lane,
                Boulder, Colorado 80302, USA",
TYPE         = "Research Report",
MONTH        = "May",
YEAR         = "1991",
NOTE         = "In: Participant Proceedings, Workshop
                on Domain Modelling for Software
                Engineering, 13th ICSE (Intl.\ Conf.\ on Softw.\
                Eng., Austin, Texas, USA"}

@techreport{kyockang90,
AUTHOR       = "Kyo C. Kang and Sholom G. Cohen
                and James A. Hess and William E. Novak and
                A. Spencer Peterson",
TITLE        = "{\sl Feature-{O}riented {D}omain {A}nalysis ({\sf FOA})\/}",
INSTITUTION  = "SEI: Software Engineering Institute",
ADDRESS      = "CMU, Pittsburgh, Pennsylvania 1521, USA",
TYPE         = "Technical Report: {C}{M}{U}/{S}{E}{I}-90-{T}{R}-21",
MONTH        = "November",
YEAR         = "1990",
NOTE         = "Feasibility Study, The Domain Analysis Project"}



