
	  	  
@Book{Batchelor1967,
  author    = "G. K. Batchelor",
  title     = "{An Introduction to Fluid Dynamics}",
  publisher = "{The Cambridge University Press}",
  year      = "(1967) 2005",
  series    = "{Cambridge Mathematical Library}"}		  
  	  
@Book{Wendt1992,
  editor    = "John F. Wendt",
  title     = "{Computational Fluid Dynamics, An Introduction}",
  publisher = "Springer",
  year      = "(1992) 2009",
  series    = "{von Karman Institute Books}",
  edition   = "3rd edition"}		  

@Book{Coulbeck2010,
  editor    = "E.P. Evans and B. Coulbeck",
  title     = "{Pipeline Systems}",
  publisher = "Kluwer Academic Publishers",
  year      = "2012",
  number    = "7",
  series    = "{Fluid Mechanics and Its Applications}"}		  
		  			  
@Book{Thorley1991,
  author    = "A. T. David Thorley",
  title     = "{Fluid Transients in Pipeline Systems}",
  publisher = "ASME Press",
  year      = "(1991) 2004",
  series    = "{The American Society of Mechanical Engineers}",
  address   = "New Yorm NY, USA",
  edition   = "2nd edition"}		  
		  	  
@Book{CzarneckiEiseneckerr2000,
  author    = "Krzysztof Czarnecki and Ulrich W. Eiseneckerr",
  title     = "{Generative Programming: Methods, Tools, and Applications}",
  publisher = "Addison-Wesley",
  year      = "2000"}
				  	  	  
@Book{Haywood2009,
  author    = "Dan Haywood",
  title     = "{Domain-Driven Design Using Naked Objects}",
  publisher = "The Pragmatic Bookshelf (an imprint of `The Pragmatic
               Programmers, LLC.')", 
  year      = "2009",
  address   = "http://pragprog.com/"}

@techreport{Medvidovic+Colbert:2004,
  author    = "Neno Medvidovic and Edward Colbert",
  title     = "{Domain-Specific Software Architectures (DSSA)}",
  institution = "{Absolute Software Corp., Inc.: \texttt{Abs[S/W]}}",
  type = "{Power Point Presentation, found on The Internet}",
  OPTnote     = "http://\-www.\-google.\-dk/\-url?\-sa=t\&\-rct=j\&\-q=\-do\-main\%20\-spe\-ci\-fic\%20\-soft\-ware\%20\-ar\-chi\-tec\-ture\&\-source=\-web\&cd=\-1\&\-ved=\-0CFcQFjAA\&url=\-http\%3A\%2F\%2Fwww.\-abssw.\-com\%2F\-cour\-ses\%2FJPL\-2006\%2F\-Spring\%2F06.\-1\%2520\-Do\-main\--Spe\-ci\-fic\-\%2520\-Soft\-ware\%\-2520\-Ar\-chi\-tec\-tures\%\-2520\-(DSSA).pdf\&\-ei=\-x2\_\-pT5zBKIHftAaMpvW5Dg\&\-usg=\-AFQjCNFu-\-cJqrC4YMKR\_\-nsEVfbGD8WnXFQ",
  month     = "5 March",
  year      = "2004"} 
		
		  

@techreport{Mettala+Graham:1992,
  author    = "Erik Mettala and Marc H. Graham",
  title     = "{The Domain Specific Software Architecture Program}",
  institution = "{Software Engineering Institute
Carnegie Mellon University
Pittsburgh, Pennsylvania 15213}",
  type = "{Project Report}",
  number = "{CMU/SEI-92-SR-009}",
  month     = "June",
  year      = "1992"} 
			  
		  
@Article{Studer1998,
  author    = "Rudi Studer and V. Richard Benjamins and Dieter Fensel",
  title     = "{Knowledge Engineering: Principles and Methods}",
  journal   = "Data \& Knowledge Engineering",
  year      = "1998",
  volume    = "25",
  pages     = "161--197"}  		  
		  
@Book{Feigenbaum83,
  author    = "Edward A. Feigenbaum and Pamela McCorduck",
  title     = "{The fifth generation}",
  publisher = "Addison-Wesley",
  year      = "1983",
  address   = "Reading, MA, USA",
  edition   = "1st ed."}
		  
@Book{Kendal2007,
  author    = "S.L. Kendal and M. Green",
  title     = "{An introduction to knowledge engineering}",
  publisher = "Springer",
  year      = "2007",
  series    = "",
  address   = "London",
  edition   = "",
  month     = "",
  note      = ""}
		  

@techreport{Benjamins+Fensel98,
  author    = "{V. Richard} Benjamins and Dieter Fensel",
  title     = "{The Ontological Engineering Initiative (KA)2}",
  institution = "{University of Amsterdam, SWI, Roetersstraat 15, 1018
                  WB Amsterdam, The Netherlands and University of
		  Karlsruhe, AIFB,  76128 Karlsruhe, Germany}", 
  type = "{Internet publication + Formal Ontology in Information
  Systems}", 
  note      = "http://www.aifb.uni-karlsruhe.de/WBS/broker/KA2.htm", 
  year      = "1998"} 		  
		  
@Article{dom:Falbo:2002,
  author    = "Ricardo de Almeida Falbo and Giancarlo Guizzardi and
  Katia Cristina Duarte", 
  title     = "{An Ontological Approach to Domain Engineering}",
  journal   = "International Conference on Software Engineering and Knowledge
Engineering, SEKE'02, Ischia, Italy",
  year      = "2002",
  volume    = "",
  number    = "",
  pages     = "",
  month     = "July 15-19",
  note      = ""}   
		  		  

@Article{dom:Diaz:1990,
  author    = "Rub{\'e}n Prieto-D\'{\i}az",
  title     = "Domain analysis: an introduction",
  journal   = "Software Engineering Notes",
  year      = "1990",
  volume    = "15",
  number    = "2",
  pages     = "47--54",
  month     = "",
  note      = ""}   
		
		  
@InProceedings{dom:Prieto-Diaz:1987,
  author    = "Rub{\'e}n Prieto-D\'{\i}az",
  title     = "{Domain Analysis for Reusability}",
  booktitle = "COMPSAC 87",
  year      = "1987",
  publisher = "ACM Press",
  note      = ""}
		  
		  
@Book{dom:Prieto-Diaz:1991,
  author    = "Rub{\'e}n Prieto-D\'{\i}az and Guillermo Arrango",
  title     = "{Domain Analysis and Software Systems Modelling}",
  publisher = "IEEE Computer Society Press",
  year      = "1991",
  note      = ""}
		  
@InProceedings{Prieto-Diaz:1987,
  author    = "Rub{\'e}n Prieto-D\'{\i}az",
  title     = "{Domain Analysis for Reusability}",
  booktitle = "COMPSAC 87",
  year      = "1987",
  publisher = "ACM Press",
  note      = ""}
		  
		  
@Book{Prieto-Diaz:1991,
  author    = "Rub{\'e}n Prieto-D\'{\i}az and Guillermo Arrango",
  title     = "{Domain Analysis and Software Systems Modelling}",
  publisher = "IEEE Computer Society Press",
  year      = "1991",
  note      = ""}
	
@Article{Prieto-Diaz:1990,
  author    = "Rub{\'e}n Prieto-D\'{\i}az",
  title     = "Domain analysis: an introduction",
  journal   = "Software Engineering Notes",
  year      = "1990",
  volume    = "15",
  number    = "2",
  pages     = "47--54",
  month     = "",
  note      = ""}   
	
@techreport{dom:Harsu:2002,
  author    = "Maarit Harsu",
  title     = "{A Survey on Domain Engineering}",
  institution = "{Institute of Software Systems, 
                  Tampere University of Technology, Finland}",
  type = "{Technical Report}",
  note      = "{P.O. Box 553, 33101 Tampere}",
  year      = "2002"} 
			  
@Article{dom:Ardis:2000,
  author    = "Mark Ardis and Nigel Daley and Daniel Hoffman and
               Harvey Siy and David Weiss", 
  title     = "Software product lines: a case study",
  journal   = "Software: Practice and Experience",
  year      = "2000",
  volume    = "30",
  number    = "7",
  pages     = "825--847",
  month     = "",
  note      = ""}	  
	  
@InProceedings{dom:Bayer:1999,
  author    = "Joachim Bayer and Jean-Marc DeBaud and Oliver Flege
	       and Peter Knauber and Roland Laqua and Dirk Muthig
	       and Klaus Schmid and Tanya Widen",
  title     = "{PuLSE: A Methodology to Develop Software Product Lines}",
  booktitle = "{Symposium on Software Reusability}",
  year      = "1999",
  volume    = "SSR'99",
  series    = "",
  pages     = "122--131",
  address   = "",
  month     = "May",
  organisation= "",
  publisher = "",
  note      = ""}
  	  
@Book{dom:Cleens:2002,
  author    = "Paul Clements and Linda Northrop",
  title     = "{Software Product Lines: Practices and Patterns}",
  publisher = "Addison-Wesley",
  year      = "2002",
  note      = ""}

	  	  
@Book{dom:Coad:1991,
  author    = "Peter Coad and Edward Yourdon",
  title     = "{Object-Oriented Analysis}",
  publisher = "Prentice-Hall",
  year      = "1991",
  note      = ""}

	 	  
@Book{Dorfman+Thayer:1997:IEEEComp.Soc.Press,
  editor    = "Merlin Dorfman and Richard H. Thayer",
  title     = "{Software Requirements Engineering}",
  publisher = "IEEE Computer Society Press",
  year      = "1997",
  note      = ""}
	 	  
@Book{Shaw+Garlan:1996,
  author    = "Mary Shaw and David Garlan",
  title     = "Software Architecture: Perspectives
               on an Emerging Discipline",
  publisher = "Prentice Hall",
  year      = "1996",
  note      = ""}
		  
@InProceedings{dom:Simos:1997,
  author    = "M. Simos",
  title     = "{Organization domain modeling and OO analysis and
                design: Distinctions, integration, new directions}",
  booktitle = "STJA$'$97",
  year      = "1997",
  volume    = "",
  series    = "",
  pages     = "126--132",
  address   = "Erfurt, Germany",
  month     = "",
organisation= "",
  publisher = "",
  note      = ""}
	
@Article{dom:Trasz:1994,
  author    = "Will Tracz",
  title     = "{Domain-specific software architecture (DSSA) frequently
                asked questions (FAQ)}",
  journal   = "Software Engineering Notes",
  year      = "1994",
  volume    = "19",
  number    = "2",
  pages     = "52--56",
  note      = ""}		  
	  	  
@Book{dom:Weiss:1999,
  author    = "David M. Weiss and Chi Tau Robert Lai",
  title     = "Software Product-Line Engineering: 
	       A Family-Based SoftwareDevelopment Process",
  publisher = "Addison--Wesley",
  year      = "1999",
  note      = ""}
		  
		  
@techreport{KyoKang+et.al.:1990,
  author    = "K.C.~Kang and S.G.~Cohen and J.A.~Hess 
		  and  W.E.~Novak and A.S~Peterson",
  title     = "{FODA: Fea\-ture\--O\-ri\-en\-ted Do\-main Analysis}",
  institution = "{Software Engineering Institute, Carnegie Mellon
                  University}",
  type = "{Feasibility Study}",
  number = "{CMU/SEI-90-TR-021}", 
  note      = "{http://www.sei.cmu.edu/library/abstracts/reports/90tr021.cfm}",
  month     = "November",
  year      = "1990"}
		  
@InCollection{dom:Schmid:2000,
  author    = "Klaus Schmid",
  title     = "{Scoping Software Product Lines}",
  booktitle = "Software Product Lines: Experience and Research
               Directions",
  publisher = "{Kluwer Academic Press}",
  year      = "2000",
  editor    = "Patric Donohoe",
  pages     = "513--532",
  note      = ""}
		  
@InCollection{dom:Thiel:2000,
  author    = "Steffen Thiel and Fabio Peruzzi",
  title     = "{Starting a product line approach for an envisioned market}",
  booktitle = "{Software Product Lines, Experience and Research Directions}",
  publisher = "{Kluwer Academic Press}",
  year      = "2000",
  editor    = "Patric Donohoe",
  pages     = "495--512",
  note      = ""}
		