
@Book{mwanrj95a,
  editor = 	 "M. Wooldridge and N.R. Jennings",
  title = 	 "{Intelligent Agents: 
                   Theories, Architectures and Languages}",
  publisher = 	 "Springer\---Verlag",
  year = 	 "1995",
  volume = 	 "890",
  series = 	 "Lecture Notes in Artificial Intelligence",
  address = 	 "Heidelberg, Germany",
  OPTnote = 	 ""}


@InCollection{mwanrj95b,
  author = 	 "M. Wooldridge and N.R. Jennings",
  title = 	 "{Agent theories, 
                   architectures and languages: A survey}",
  booktitle = 	 "{See \cite{mwanrj95a}}",
  publisher = 	 "Springer\---Verlag",
  year = 	 "1995",
  pages = 	 "1--39",
  OPTnote = 	 ""}

@TechReport{mjparm00a,
  author = 	 "Manas Ranjan Patra and Richard Moore",
  title = 	 "{A Formal Model of an Agent\---mediated
      Electronic Market}",
  institution =  "The United Nations University,
      International Institute for Software Technology",
  year = 	 "2000",
  type = 	 "UNU/IIST Technical Report ",
  number = 	 "No. 211",
  address = 	 "P.O. Box 3058, Macau",
  month = 	 "August",
  note = 	 "40 pages"}

@Article{hmhalhf01a,
  author = 	 "He Minghua and Leung Ho--fung",
  title = 	 "{Agents in E--Commerce: State of the Art}",
  journal = 	 "Knowledge and Information Systems",
  year = 	 "2001",
  OPTkey = 	 "",
  OPTvolume = 	 "",
  OPTnumber = 	 "",
  OPTmonth = 	 "",
  pages = 	 "26 pages",
  note = 	 "Department of Computer 
      Science and Engineering, The
      Chinese University of Hong Kong, Shatin, Hong Kong,
      P.R.\ China",
  OPTannote = 	 ""
} 

