

@Article{kaisorlander2010,
  author = 	 "Kai S{\o}rlander",
  title = 	 "{{\em Er konservatismen rationel\,?} (Is
  conservatism rational\,?)}", 
  journal = 	 "Yearbook Critique",
  year = 	 "2010",
  volume = 	 "II",
  month = 	 "December"}

@InCollection{CohenSMarc2018,
  author = 	 "S. Marc Cohen",
  title = 	 "{Aristotle's Metaphysics}",
  booktitle =    "{Stanford Encyclopedia of Philosophy}",
  publisher =    "{Center for the Study of Language and Information}",
  year = 	 "{2018}",
  address = 	 "{Stanford University Stanford, CA}",
  month = 	 "{November}",
  note = 	 "{The Metaphysics Research Lab.}"}
  
@Book{Heraklit:Dines,
  author    = "Jonathan Barnes",
  title     = "{The Presocratic Philosophers:  The Natural Philosophy of Heraclitus}",
  publisher = "{Routledge, Taylor \& Francis Group}",
  note      =  {43--62},
  year      = "1982"}
  
@Book{Descartes:Dines,
  author    = "Ren{\'e} Descartes",
  title     = "{Discours de la m{\'e}thode. Texte et commentaire par {\'E}tienne Gilson}",
  publisher = "{Paris: Vrin}",
  year      = "1987"}
  
@Book{Spinoza:Dines,
  author    = "Baruch Spinoza",
  title     = "{Ethics, Demonstrated in Geometrical Order}",
  publisher = "{The Netherlands}",
  year      = "1677"}
  
@Book{Leibniz:Dines,
  author    = "Gottfried Wilhelm Leibniz",
  title     = "{The Philosophical Writings of Leibniz}",
  publisher = "{Hassell Street Press}",
  year      = "2021"}
  
@Book{Locke:Dines,
  author    = "John Locke",
  title     = "{An Essay Concerning Human Understanding}",
  publisher = "{Penguin Classics}",
  year      = "1998 (1689)"}

@Book{Berkeley:Dines,
  author    = "George Berkeley",
  title     = "{Philosophical Works, Including the Works on Vision}",
  publisher = "{Everyman edition, London}",
  year      = "1975 (1713)"}
  
@Book{Hume:Dines,
  author    = "David Hume",
  title     = "{Enquiry Concerning Human Understanding}",
  publisher = "{Squashed Editions}",
  year      = "2020 (1758)"}
  
@Book{Fichte:Dines,
  author    = "David James and Gunter Zoller",
  title     = "{Cambridge Companion to Fichte}",
  publisher = "{Cambridge University Press}",
  year      = "2016"}
  
@Book{Schelling:Dines,
  author    = "Benjamain Berger and Daniel Whistler",
  title     = "{The Schelling Reader}",
  publisher = "{Bloomsbury Publishing PLC}",
  year      = "2020"}
  

@Book{Hegel:Dines,
  author    = "Georg Wilhelm Friedrich Hegel",
  title     = "{Wissenschaft der Logik}",
  publisher = "{Hofenberg}",
  year      = "2016 (1812--1816)"}
  
@Book{Aristotle:Dines-x,
  editor    = "Jonathan Barnes",
  title     = "{Complete Works of Aristotle}",
  publisher = "{Princeton University Press: Bollingen Series}",
  year      = "1984"}
  
@Book{Aristotle:Dines-y,
  editor    = "Jeroen van Rijen",
  title     = "{Aspects of Aristotle's Logic of Modalities}",
  publisher = "{Kluwer Academic Publishers}",
  year      = "1989"}
  
@Book{Kant:Dines,
  author    = "Immanuel Kant",
  title     = "{Critique of Pure Reason}",
  publisher = "{Penguin Books Ltd}",
  year      = "2007 (1787)"}
  
@Book{Plato:Dines,
  author    = "William David Ross et al.",
  title     = "{Plato's Theory of Ideas}",
  publisher = "{Oxford University Press}",
  year      = "1963"}
  
@Book{Aristotle:Dines,
  author    = "Aristotle",
  title     = "{Categories. On Interpretation. Prior Analytics}",
  publisher = "{Harvad University Press [Loebb Classical Library, translated by H.P. Cooke and
               Hugh Tredenick]}",
  year      = "1938"}
  		  
@Book{Thales:Dines,
  author    = "Patricia O'Grady",
  title     = "{Thales of Miletus}",
  publisher = "{Routledge (Western Philosophy Series)}",
  year      = "2002"}
  			  
@Book{Anaximander:Dines,
  author    = "Dirk L. Couprie and Radim Kocandrle",
  title     = "{Anaximander: Anaximander on Generation and Destruction}",
  publisher = "{x}",
  year      = "Springer (Briefs in Philosophy Series)"}
  		  
@Book{Anaximenes:Dines,
  author    = " J. Edward Mercer",
  title     = "{The Mysticism Of Anaximenes And The Air}",
  publisher = "{Kessinger Publishing, LLC}",
  year      = "2010"}
  		  
@Book{Parminedes:Dines,
  author    = "Martin Heidegger",
  title     = "{Parminedes}",
  publisher = "{Indiana University Press}",
  year      = "1998"}
  	  
@Book{Demokrit:Dines,
  author    = "Scott Aaronson",
  title     = "{Quantum Computing since Democritus}",
  publisher = "{ Cambridge University Press}",
  year      = "2013"}

@Book{Bohr:Dines,
  editor    = "Jan Faye andHenry Folse",
  title     = "{Niels Bohr and the Philosophy of Physics: Twenty-First-Century Perspectives}",
  publisher = "{Bloomsbury Academic}",
  year      = "2019"}
  

@Book{Heisenberg:Dines,
  author    = "Werner Heisenberg",
  title     = "{Physics and Philosophy: The Revolution in Modern Science}",
  publisher = "{Harper Perennial Modern Classics}",
  year      = "2007"}
  
@Book{Frege:Dines,
  editor    = "Gottlob Frege",
  title     = "{Begriffsschrift -- {\sl ``a formula language, modelled
                on that of arithmetic, for pure thought.''}}", 
  publisher = "{Verlag von Louis Nebert, Halle}",
  year      = "1879"}
  
@Book{Russel-Atomism:Dines,
  author    = "David Pears",
  title     = "{Russell's  Logical Atomism}",
  publisher = "{Fontana Collins}",
  year      = "1972"}
 
@Book{:Dines,
  author    = "",
  title     = "{}",
  publisher = "{}",
  year      = ""}
  
@Book{Empedokles:Dines,
  author    = "M.R. Wright",
  title     = "{Empedokles: The Extant Fragments}",
  publisher = "{Hackett Publishing Company, Inc.}",
  year      = "1995"}
  
@Book{Socrates:Dines,
  author    = "Sara Ahbel-Rappe",
  title     = "{Socrates: A Guide for the Perplexed}",
  publisher = "{A\&C Black (Bloomsbury), ISBN 978-0-8264-3325-1}",
  year      = "2011"}

@Book{Husserl:Dines,
  author    = "Edmund Husserl",
  title     = "{Ideas.
General Introduction to Pure Phenomenology}",
  publisher = "{Routledge}",
  year      = "2012"}
 
@Book{Mendel:Dines,
  editor    = "Gregor Mendel and William Bateson",
  title     = "{Mendel's Principles of Heredity}",
  publisher = "{Franklin Classics Trade Press}",
  year      = "2018"}

@Book{Maxwell:Dines,
  author    = "James Clark Maxwell",
  title     = "{A Treatise on Electricity and Magnetism}",
  publisher = "{Dover reprint}",
  note      = "3rd edition, vols.\ 1--2",
  year      = "1954 (1892)"}

@article{Godel:Dines,
  author    = "Kurt G{\"o}del",
  title     = "{{\"U}ber formal unentscheidbare S{\"a}tze der Principia
               Mathematica und verwandter Systeme I}",
  Journal = "{Monatshefte f{\"u}r Mathematik Physik}",
  Volume = "38", pages = "173--198",
  year      = "1931",
  note = "[English translation in van Heijenoort 1967, 596--616, and in G{\"o}del, 1986, 144â€“195]"}}


@Book{Wallace:Dines,
  author = 	 "Alfred Russel Wallace",
  title = 	 "{The Annotated Malaysian Archipelago}", 
  publisher = 	 "National Uniersity of Singapore Press",
  note  =        "Edited by John Van Wyhe",
  year = 	 "2014"} 
  

@Book{Darwin:Dines,
  author = 	 "Charles Darwin",
  title = 	 "{Origin of Species}", 
  publisher = 	 "Penguin Putnam",
  note  =        "Introduction by Sir Julian Huxley",
  year = 	 "2003"}

@Book{Planck:Dines,
  author    = "Max Planck",
  title     = "{Eight Lectures on Theoretical Physics}",
  publisher = "{Dover Publications}",
  year      = "2003 (1915)"}
  

@Book{Peano:Dines,
  editor    = "Hubert C. Kennedy",
  title     = "{Selected works of Giuseppe Peano, with a biographical sketch and bibliography.}",
  publisher = "{London: Allen \& Unwin}",
  year      = "1973"}
  
@ARTICLE{JALeighton1910,
  AUTHOR        = "J.A. Leighton",
  TITLE         = "{On Continuity and Discreteness}",
  JOURNAL = "{The Journal of Philosophy, Psychology and Scientific Methods}", 
  VOLUME = "7", 
  NUMBER = "9", 
  PAGES = "231238",
  MONTH = "April",
  YEAR = "1910",
  NOTE = "doi.org/10.2307/2011222"}



@MISC{ReisigInformatik2019,
   author = "Wolfgang Reisig",
   title = "{Informatik als Wissenschaft}",
   howpublished = "{Essay, Humboldt-Universit{\"a}t zu Berlin,
                    Institut f{\"u}r Informatik, Rudower Chaussee 25,
                    D-12489 Berlin, Germany}", 
   month = "August", 
   year = "2019"}

@Book{Austin1976,
  author    = "J. L. Austin",
  title     = "{How to do Things with Words}",
  publisher = "{Harvard University Press, Cambridge, MA}",
  year      = "1962"}
  
@Book{PMaddy90,
  author    = "Penelope Maddy",
  title     = "{Realism in Mathematics}",
  publisher = "{Oxford University Press}",
  year      = "1990"}
  
@Book{PMaddy97,
  author    = "Penelope Maddy",
  title     = "{Naturalism in Mathematics}",
  publisher = "{Oxford University Press}",
  year      = "1997"}
  
@Book{Skinner38,
  author    = "B. F. Skinner",
  title     = "{The behavior of organisms}",
  publisher = "Appleton-Century-Crofts, New York",
  year      = "1938"}
  
@BOOK{Russell1910-1913,
AUTHOR      = "Alfred North Whitehead and Bertrand Russell",
TITLE       = "{Principia Mathematica, 3 vols.}", 
PUBLISHER   = "Cambridge University Press", 
YEAR        = "1910, 1912, and 1913",
NOTE        = "Second edition, 1925 (Vol. 1), 1927 (Vols 2, 3),
	       also Cambridge University Press, 1962"}
		  
@Book{KarlJaspers1932,
  author    = "Karl Jaspers",
  title     = "Philosophy, Vols.1--3",
  publisher = "The University of Chicago Press",
  year      = "1969",
  note      = "Translated by E.B.\,Ashton"}
  
@Book{Hintikka1969,
  editor    = "Jaakko Hintikka",
  title     = "The Philosophy of Mathematics",
  publisher = "Oxford University Press",
  year      = "1969",
  note      = "Includes essays by E.W.Beth, Leon Henkin, Raymond
  M. Smullyan, Georg Kreisel, Solomin Feferman, Kurt G{\"o}del,
  Hartley Rogers Jr., Abraham Robinson and Alfred Tarski"}
  
@BOOK{sloek-Stoikerne,
    AUTHOR    = "Johannes Sl{\o}k",
    TITLE     = {Stoikerne},
    PUBLISHER = "{Berlingske Filosofi Bibliotek}",
    YEAR      = "1966"}
    
@BOOK{sloek-Platon,
    AUTHOR    = "Johannes Sl{\o}k",
    TITLE     = {Platon},
    PUBLISHER = "{Berlingske Filosofi Bibliotek}",
    YEAR      = "1964"}
    
@BOOK{sloek-ide,
    AUTHOR    = "Erik Lund and Mogens Pihl and Johannes Sl{\o}k",
    TITLE     = {De europ{\ae}iske ideeres historie},
    PUBLISHER = "Gyldendal",
    YEAR      = "1962"}
    
@BOOK{sloek19**,
    AUTHOR    = "Johannes Sl{\o}k",
    TITLE     = {},
    PUBLISHER = "",
    YEAR      = ""}


@ARTICLE{BjornerFAoCFilosofi-bib, 
	AUTHOR		= "Dines Bj{\o}rner",
	TITLE		= "{A Philosophy of Domain Science \& Engineering
	-- An Interpretation of Kai S{\o}rlander's Philosophy}", 
	JOURNAL		= "{To be submited to ...}",
	NOTE            = "{First reading planned for The Victor
	Ivannikov Memorial Event, May 3--4, 2018. Yerevan, Armenia. http://ivannikov-ws.org/}",
	YEAR		= "2016"}
 
@ARTICLE{Maslow43,
  AUTHOR        = "Abraham Maslow",
  TITLE         = "{A Theory of Human Motivation}",
  JOURNAL = "Psychological Review", 
  VOLUME = "50", 
  NUMBER = "4", 
  PAGES = "370--96",
  YEAR          = "1943",
  NOTE = "http://\-psych\-classics.\-yorku.\-ca/\-Maslow/\-motivation.htm"}
	
@BOOK{Maslow54,
  AUTHOR        = "Abraham Maslow",
  TITLE         = "{Motivation and Personality}",
  PUBLISHER     = "Harper and Row Publishers, 3rd ed.",
  YEAR          = "1954"}
		  
@BOOK{PetersonSeligman,
AUTHOR = "Christopher Peterson and Martin E.P. Seligman",
TITLE = "{Character strengths and virtues: A handbook and
          classification}",
YEAR = "2004",
PUBLISHER = "Oxford University Press"}
		  
@BOOK{Wegner68,
  KEY           = "Wegner 68",
  AUTHOR        = "P. Wegner",
  TITLE         = "{Programming Languages,  Information Structures, and
                   Machine Organization}",
  PUBLISHER     = "McGraw-Hill Book Company",
  YEAR          = "1968",
  ANNOTE        = ""}

	  
@Book{JanikToulmin1973,
  author    = "Allan Janik and Stephen Edelston Toulmin",
  title     = "{Wittgenstein's Vienna}",
  publisher = "Simon and Schuster",
  year      = "1973"}
		  	  	  
	  	  
@Book{Turner:1990,
  author    = "R. Turner",
  title     = "{Truth and Modality for Knowledge Representation}",
  publisher = "Pitman",
  year      = "1990"}
		  	  	  
	  
@InBook{Turner:1992,
  author    = "R. Turner",
  title     = "{Computational Linguistics and Formal Semantics}",	
  chapter   = "{Properties, Propositions and Semantic Theory}",
  pages     = "159--180",
  publisher = "Cambridge University Press",
  year      = "1992",
  series    = "{Studies in Natural Langhuage Processing, eds. M.\
                Rosner and R.\ Johnson}"}
	  		  
@InCollection{sep-logic-ontology,
	author       =	{Thomas Hofweber},
	title        =	{Logic and Ontology},
	booktitle    =	{The Stanford Encyclopedia of Philosophy},
	editor       =	{Edward N. Zalta},
	howpublished = 
  {\url{http://plato.stanford.edu/archives/sum2012/entries/logic-ontology/}}, 
	year         =	{2012},
	edition      =	{Summer 2012}}
	
@InCollection{BarrySmith1994,
  author    = "Barry Smith",
  title     = "{Fiat Objects}",
  booktitle = "{Parts and Wholes: Conceptual Part-Whole Relations and
                Formal Mereology}",
  publisher = "European 
               Coordinating Committee for Artificial Intelligence",
  year      = "1994",
  editor    = "N. Guarino, L. Vieu and S. Pribbenow",
  series    = "{11th European Conference on Artificial Intelligence}",
  pages     = "15-23",
  address   = "Amsterdam",
  month     = "8 August",
  note      = "(Revised version: Topoi, 2001, vol.20, no.2, pp.131â€“-148)"} 

@InCollection{oldBarrySmith1993,
  author    = "Barry Smith",
  title     = "{Ontology and the Logistic Analysis of Reality}",
  booktitle = "{International Workshop on Formal Ontology
                in Conceptual Analysis and
                Knowledge Representation}",
  publisher = "Institute for Systems Theory and Biomedical
               Engineering of the Italian National Research Council",
  year      = "1993",
  editor    = "N. Guarino and R. Poli",
  address   = "Padua, Italy",
  note      = "{Revised version in G. Haefliger and P. M. Simons
                (eds.), Analytic Phenomenology,
		Dordrecht/Boston/London: Kluwer}"} 
	
@InCollection{BarrySmith1993,
  author    = "Barry Smith",
  title     = "{Ontology and the Logistic Analysis of Reality}",
  booktitle = "{Analytic Phenomenology}",
  publisher = "Dordrecht/Boston/London: Kluwer",
  year      = "1993",
  editor    = "G. Haefliger and P. M. Simons",
  address   = "Padua, Italy"} 
	
@techreport{Bittner2000,
  author    = "Thomas Bittner",
  title     = "{Ontology, Vagueness, and Indeterminacy --- Extended Abstract}",
  institution = "{Centre de recherche en geomatique,
                  Laval University, Quebec, Canada}",
  note      = "Thomas.Bittner@scg.ulaval.ca"} 
			  
@InCollection{stanford-encyclopedia-2016,
	author       =	"Edward N. Zalta",
	title        =	"{The Stanford Encyclopedia of Philosophy}",
        howpublished =  {\url{http://plato.stanford.edu}},
	note         =  "Principal Editor: {https://plato.stanford.edu/}",
	year         =	{2016}}
	 			  
@InCollection{sep-object,
	author       =	{Laycock, Henry},
	title        =	{Object},
	booktitle    =	{The Stanford Encyclopedia of Philosophy},
	editor       =	{Edward N. Zalta},
howpublished =
{\url{http://plato.stanford.edu/archives/win2011/entries/object/}}, 
	year         =	{2011},
	edition      =	{Winter 2011}}
	 		  
@InCollection{HenryLaycock2011,
	author       =	{Laycock, Henry},
	title        =	{Object},
	booktitle    =	{The Stanford Encyclopedia of Philosophy},
	editor       =	{Edward N. Zalta},
	publisher = {Stanford University},
howpublished =
{\url{http://plato.stanford.edu/archives/win2011/entries/object/}}, 
	year         =	{2011},
	edition      =	{Winter 2011}}
	 	  
@InCollection{sep-action,
	author       =	{Wilson, George and Shpall, Samuel},
	title        =	{Action},
	booktitle    =	{The Stanford Encyclopedia of Philosophy},
	editor       =	{Edward N. Zalta},
	publisher = {Stanford University},
	howpublished =	{\url{http://plato.stanford.edu/archives/sum2012/entries/action/}},
	year         =	{2012},
	edition      =	{Summer 2012}}	  
			  
@InCollection{WilsonScpall2012,
	author       =	{Wilson, George and Shpall, Samuel},
	title        =	{Action},
	booktitle    =	{The Stanford Encyclopedia of Philosophy},
	editor       =	{Edward N. Zalta},
	publisher = {Stanford University},
	howpublished =	{\url{http://plato.stanford.edu/archives/sum2012/entries/action/}},
	year         =	{2012},
	edition      =	{Summer 2012}}	  
		  
@InCollection{sep-events,
	author       =	{Casati, Roberto and Varzi, Achille},
	title        =	{Events},
	booktitle    =	{The Stanford Encyclopedia of Philosophy},
	editor       =	{Edward N. Zalta},
	howpublished =
	{\url{http://plato.stanford.edu/archives/spr2010/entries/events/}}, 
	year         =	{2010},
	edition      =	{Spring 2010}}		  
		  
@InCollection{CasatiVarzi2010,
	author       =	{Casati, Roberto and Varzi, Achille},
	title        =	{Events},
	booktitle    =	{The Stanford Encyclopedia of Philosophy},
	editor       =	{Edward N. Zalta},
	publisher = {Stanford University},
	howpublished =
	{\url{http://plato.stanford.edu/archives/spr2010/entries/events/}}, 
	year         =	{2010},
	edition      =	{Spring 2010}}		  
		  
		  
@Book{Badiou1988,
  author    = "Alain Badiou",
  title     = "{Being and Event}",
  publisher = "Continuum",
  year      = "2005",
  note = "(L{\^e}tre et l'{\'e}v{\'e}nements, Edition du Seuil, 1988)"}
	  	  
@Book{JaegwonKim93,
  author    = "Jaegwon Kim",
  title     = "{Supervenience and Mind}",
  publisher = "Cambridge University Press",
  year      = "1993"}
		  
@article{Hoare:Incomputability,
 author = {Hoare, C.A.R. and Allison, D.C.S.},
 title = {Incomputability},
 journal = {ACM Comput. Surv.},
 volume = {4},
 number = {3},
 year = {1972},
 issn = {0360-0300},
 pages = {169--178},
 doi = {http://doi.acm.org/10.1145/356603.356606},
 publisher = {ACM},
 address = {New York, NY, USA},
 }
		  
@Book{Kripke1980,
  author = "Saul Kripke",
  title = "{Naming and Necessity}",
  publisher = "Harvard University Press",
  year = "1980",
  note = "(See also: http://\-pla\-to.\-stan\-ford.\-edu/\-en\-tries/\-ri\-gid\--de\-sig\-na\-tors)",
  address = "{Cambridge, MA, USA}"}
    
@Article{BowmanLClarke85,
  author = 	 "Bowman L. Clarke",
  title = 	 "{Individuals and Points}",
  journal = 	 "Notre Dame J. Formal Logic",
  year = 	 "1985",
  volume = 	 "26",
  number =       "1",
  pages = 	 "61--75"}
	
@article{BowmanLClarke81,
author =         "Bowman L. Clarke",
title =          "{A Calculus of Individuals Based on `Connection'}",
journal =        "Notre Dame J. Formal Logic",
volume =         "22",
number =         "3",
pages =          "204--218",
year =           "1981"}

	
@Article{LeonardGoodman1940,
  author = 	 "Henry S. Leonard and Nelson Goodman",
  title = 	 "{The Calculus of Individuals and its Uses}",
  journal = 	 "Journal of Symbolic Logic",
  year = 	 "1940",
  volume = 	 "5",
  pages = 	 "45-44",
  OPTnote = 	 ""}
	   
@article{Lejewski83,
author = "C. Lejewski",
title = "{A note on Le{\'s}niewksi's Axiom System for the Mereological
		  Notion of Ingredient or Element}", 
journal = "Topoi",
volume = "2",
number = "1",
publisher = "Springer",
pages = "63--71",
year = "June, 1983"}
		  
		  
@Book{Lesniewski1,
  author = "E.C. Luschei",
  title = "{The Logical Systems of Le{\'s}niewksi}",
  publisher = "{North Holland}",
  year = "{1962}",
  address = "{Amsterdam, The Netherlands}"}
			  
@Book{Lesniewski1920s,
  author = "E.C. Luschei",
  title = "{The Logical Systems of Le{\'s}niewksi}",
  publisher = "{North Holland}",
  year = "{1962}",
  address = "{Amsterdam, The Netherlands}"}
		  
@Book{Lesniewski2,
  author = "D. Mi{\'e}ville and D. Vernant",
  title = "{Stanis{\l}aw Le{\'s}niewksi aujourd'hui}",
  year = "{October 8-10, 1992}",
  address = "{Grenoble}"}
	  
@Book{Lesniewski3,
  editor = "J.T.J. Srzednicki and Z. Stachniak",
  title = "{Le{\'s}niewksi's Lecture Notes in
		  Logic}",
  publisher = "Dordrecht",
  year = "1988"}
	  
@Book{Lesniewski4,
  author = "J.T.J. Srzednicki and Z. Stachniak",
  title = "{Le{\'s}niewksi's Systems Protothetic}",
  publisher = "Dordrecht",
  year = "1998",
  series = "{}"}
    
@Book{Lesniewski5,
  editor = "S. J. Surma and J. T. Srzednicki and D. I. Barnett and
		  V. F. Rickey", 
  title = "{Stanis{\l}aw Le{\'s}niewksi: Collected works (2 Vols.)}",
  publisher = "{Dordrecht}",
  year = "{1988}",
  address = "{Boston -- New York}"}
  
@inbook{Varzi1993,
  author = 	 "Achille C. Varzi",
  title = 	 "{Spatial Reasoning in a Holey\footnote{holey:
  something full of holes} World}",
  booktitle = 	 "{Advances in Artificial Intelligence, ed. P. Torasso}",
  publisher = 	 "Springer",
  series =       "Lecture Notes in Artificial Intelligence",
  year = 	 "1994",
  volume = 	 "728",
  pages = 	 "326-336"}

		  
@inbook{Varzi1994,
  author = 	 "Achille C. Varzi",
  title = 	 "{On the Boundary between Mereology and Topology}",
  booktitle = 	 "Philosophy and the Cognitive Sciences, eds.:
                  R. Casati, B. Smith, and G. White",
  publisher = 	 "H{\"o}lder-Pichler-Tempsky",
  address =      "Vienna",
  year = 	 "1994",
  pages = 	 "419-438"}
		  
 
@Article{BarrySmith1996,
  author = 	 "Barry Smith",
  title = 	 "{Mereotopology: A Theory of Parts and Boundaries}",
  journal = 	 "Data and Knowledge Engineering",
  year = 	 "1996",
  volume = 	 "20",
  pages = 	 "287-â€“303"}

@Book{Aristotle,
  author = 	 "Aristotle",
  title = 	 "{Metaphysics, Books I-IX}", 
  publisher = 	 "Harvard University Press", 
  series = 	 "Loeb Classical Library No. 271",
  address =      "Cambridge, Mass., USA",
  year = 	 "1933 (1996)"} 
		  
		  
@Book{Russell1922,
  author = 	 "Bertrand Russell",
  title = 	 "{``Preface,'' Our Knowledge of the External World}", 
  publisher = 	 "G. Allen \& Unwin, Ltd.",
  address =      "London",
  year = 	 "1952"} 
	  
@Book{NelsonGoodman1940,
  author = 	 "Nelson Goodman",
  title = 	 "{A Study of Qualities}", 
  publisher = 	 "Garland",
  address =      "New York",
  year = 	 "1990",
  note = 	 "Ph.D. dissertation thesis, Harvard, 1940"} 

@Book{NelsonGoodman1951,
  author = 	 "Nelson Goodman",
  title = 	 "{The Structure of Appearance}", 
  year = "1951",
  publisher = 	 "1st.: Cambridge, Mass., Harvard University Press;
                  2nd.: Indianapolis, Bobbs-Merrill, 1966;
		  3rd.: Dordrecht, Reidel, 1977"} 
	
@Book{RudolfCarnap1928,
  author = 	 "Rudolf Carnap",
  title = 	 "{Der Logische Aufbau der Welt}", 
  publisher = 	 "Weltkreis",
  address =      "Berlin",
  year = 	 "1928"} 
  
@BOOK{Car37,
  KEY           = "Carnap 37",
  AUTHOR        = "Rudolf Carnap",
  TITLE         = "{The Logical Syntax of Language}",
  PUBLISHER     = "Harcourt Brace and Co.",
  ADDRESS       = "N.Y.",
  YEAR          = "1937",
  ANNOTE        = ""}

@BOOK{Car42,
  KEY           = "Carnap 42",
  AUTHOR        = "Rudolf Carnap",
  TITLE         = "{Introduction to Semantics}",
  PUBLISHER     = "Harvard Univ. Press",
  ADDRESS       = "Cambridge, Mass.",
  YEAR          = "1942",
  ANNOTE        = ""}

@BOOK{Car47,
  KEY           = "Carnap 47",
  AUTHOR        = "Rudolf Carnap",
  TITLE         = "{Meaning and Necessity, 
                    A Study in Semantics and Modal Logic}",
  PUBLISHER     = "University of Chicago Press",
  YEAR          = "1947, 1956",
  ANNOTE        = ""}
  
@article{StanislawLesniewksi1927-1931,
  author = 	 "Stanis{\l}aw Le{\'s}niewksi",
  title = 	 "{0 Podstawack Matematyki (Foundations of Mathematics)}", 
  journal = 	 "Prezeglad Filosoficzny",
  volume =       "30-34",
  year = 	 "1927-1931"} 

@Book{J.H.Woodger1937,
  author = 	 "J.H. Woodger",
  title = 	 "{The Axiomatic Method in Biology}", 
  publisher = 	 "Cambridge University Press",
  address =      "Cambridge",
  year = 	 "1937"} 

@inBook{Tarski1937,
  author = 	 "A. Tarski",
  title = 	 "{The Axiomatic Method in Biology}", 
  booktitle = 	 "{}",
  publisher = 	 "Cambridge University Press",
  chapter = "{Appendix E}",
  pages = "",
  year = "1937",
  note = 	 "\cite{J.H.Woodger1937}"} 

@InBook{DavidHume1748,
   author      = "David Hume",
   title       = "{An Enquiry Concerning Human Understanding}",
   booktitle   = "{An Enquiry Concerning Human Understanding and Other
                   Essays}", 
   publisher   = "{Washington Square Press}",
   year        = "1963 (1748, 1750)",
   note        = "Ed.Ernest C.\,Mossner"}
   
@Book{Whitehead1919,
  author = 	 "A.N. Whitehead",
  title = 	 "{An Enquiry Concerning the Principles of Natural Knowledge}", 
  publisher = 	 " Cambridge University Press",
  address =      "Cambridge",
  year = 	 "1919",
  note = 	 ""} 

@Book{Whitehead1920,
  author = 	 "A.N. Whitehead",
  title = 	 "{The Concept of Nature}", 
  publisher = 	 " Cambridge University Press",
  address =      "Cambridge",
  year = 	 "1920",
  note = 	 ""} 
	  
@Book{Whitehead1925,
  author    = "Alfred North Whitehead",
  title     = "{Science and the Modern World}",
  publisher = "The Free Press",
  year      = "1925",
  address   = "New York",
  note      = ""}	  
		  
@Book{Leclerc1958,
  author    = "Ivor Leclerc",
  title     = "{Whitehead's Metaphysics. An Introductory Exposition}",
  publisher = "George Allen and Unwin Ltd and Macmillan, New York
  1958",
  year      = "Indiana University Press 1975",
  address   = "New York",
  note      = ""}	  
	
@Book{Whitehead1929,
  author = 	 "A.N. Whitehead",
  title = 	 "{Process and Reality}", 
  publisher = 	 "Macmillan",
  address =      "New York",
  year = 	 "1929",
  note = 	 ""} 

@inBook{Tarski1956,
  author = 	 "A. Tarski",
  title = 	 "{Foundations of the Geometry of Solids}",
  booktitle = 	 "{Logic, Semantics, Metamathematics}", 
  publisher = 	 "Oxford University Press",
  address =      "Oxford",
  year = 	 "1956",
  chapter = "",
  pages = "",
  note = 	 "Transl. J. H. Woodger,"} 

@InBook{MarcusRossberg2008,
  author = 	 "Marcus Rossberg",
  title = 	 "{Leonard, Goodman, and the Development of the Calculus of
                   Individuals}",
  publisher = 	 "Ontos",
  year =         "2009",
  booktitle = 	 "Nelson Goodman: From Logic to Art",
  address = 	 "Frankfurt, Germany"}


@Article{geo-obj,
  author = 	 "Jin Sing Dong and Roger Duke",
  title = 	 "{The Geometry of Object Containment}",
  journal = 	 "Object Oriented Systems",
  year = 	 "1995",
  volume = 	 "2",
  number = 	 "1",
  pages = 	 "41--63",
  OPTnote = 	 ""}
	    
@Article{DouglasTRoss61,
  author    = "Douglas T. Ross",
  title     = "{Computer-aided design}",
  journal   = "Commun.\ ACM",
  year      = "1961",
  volume    = "4",
  number    = "5",
  pages     = "41--63",
  month     = "",
  note      = ""}	  
		  
@techreport{DouglasTRoss68,
  author    = "Douglas T. Ross and J. E. Ward",
  title     = "{Investigations in computer-aided design for
                numerically controlled production}", 
  institution = "{}",
  type = "{Final Technical Report}",
  number = "{ESL-FR-351}", 
  note      = "1 December 1959 -- 3 May 1967. Electronic Systems
               Laboratory Electrical Engineering Department, MIT,
	       Cambridge, Massachusetts 02139",  
  month     = "May",
  year      = "1968"} 
		 
		  
@inproceedings{DouglasTRoss76,
 author = {Douglas T. Ross},
 title = {Toward foundations for the understanding of type},
 booktitle = {Proceedings of the 1976 conference on Data:
		  Abstraction, definition and structure}, 
 year = {1976},
 pages = {63--65},
 location = {Salt Lake City, Utah, United States},
 note = {http://doi.acm.org/10.1145/800237.807120},
 publisher = {ACM},
 address = {New York, NY, USA},
 }        
		  
@PhdThesis{TonyPi99,
  author    = "Chia-Yi Tony Pi",
  title     = "Mereology in Event Semantics",
  school    = "McGill University, Montreal",
  year      = "1999",
  type      = "PhD",
  address   = "Canada",
  month     = "August",
  note      = ""}
		  
@Book{ChrisFox2000,
  author = 	 "Chris Fox",
  title = 	 "{The Ontology of Language: Properties, Individuals
		  and Discourse}", 
  publisher = 	 "CSLI Publications",
  OPTseries =       "{}",
  address =      "Center for the Study of Language and Information,
		  Stanford University, California, ISA",
  year = 	 "2000"} 
	  
@Book{Michael.J.Loux:Metaphysics,
  author = 	 "Michael J. Loux",
  title = 	 "{Metaphysics, a Contemporary Introduction}", 
  publisher = 	 "Routledge",
  series =       "{Routledge Contemporary Introductions to Philosophy}",
  address =      "London and New York",
  year = 	 "1998 (2nd ed., 2020)"} 
		  
@article{grenonpierre2004towards,
  address = {Taylor \& Francis},
  author = {Pierre Grenon and Barry Smith},
  journal = {Spatial Cognition \& Computation},
  number = 1,
  pages = {69 -- 104},
  title = "{SNAP and SPAN: Towards Dynamic Spatial Ontology}",
  volume = 4,
  year = 2004,
  issn = {1387-5868}}

@Article{Grenon+Smith:DynamicSpatialOntology,
  author = "Pierre Grenon and Barry Smith",
  title = "{SNAP and SPAN: Towards Dynamic Spatial Ontology}",
  journal =  "Spatial Cognition and Computation",	 
  year = "2004",
  volume = "4",
  number =  "1",
  pages = "69--104"}
	
@Book{Lakoff1980,
  author = 	 "George Lakoff and Mark Johnson",
  title = 	 "{Metaphors We Live by}", 
  publisher = 	 "Chicago University Press",
  address =      "Chicago, Ill., USA",
  year = 	 "1980",
  note = 	 "(10. printing, 1994, 0226468011)"} 

@Book{Lakoff1987,
  author = 	 "George Lakoff",
  title = 	 "{Women, Fire, and Dangerous Things: What Categories
		  Reveal about the Mind}",  
  publisher = 	 "University of Chicago Press",
  address =      "Chicago, Ill., USA",
  year = 	 "1987",
  note = 	 "(ISBN: 0226468046, Paperback, 1990)"} 
	
@Book{robert-frost,
  author = 	 "Robert Frost",
  title = 	 "{Mountain Interval}", 
  publisher = 	 "Henry Holt and Company",
  address =      "New York, USA",
  year = 	 "1920 (online edition: Bartleby,
		  1995-9. www.bartleby.com/119/1.html)",
  OPTnote = 	 "Online edition: Bartleby,
		  1995-9. www.bartleby.com/119/1.html"} 
	
@Book{Peirce4,
  author = 	 "Charles Sanders Peirce",
  title = 	 "{Peirce on Signs: Writings on Semiotics}", 
  publisher = 	 "Univ. of North Carolina Press, Editor: James Hoopes",
  year = 	 "15 Dec 1991",
  note = 	 "ISBN 0807819921"}
		
@Book{Peirce3,
  author = 	 "Charles Sanders Peirce",
  title = 	 "{Writings: A Chronological Edition}", 
  publisher = 	 "Indiana University Press",
  year = 	 "15 Jan 1994",
  note = 	 "ISBN 0253372054"}
		
@Book{Peirce2,
  author = 	 "Charles Sanders Peirce",
  title = 	 "{Reasoning and the Logic of Things, Edited by
		  Kenneth Laine Ketner}", 
  publisher = 	 "Harvard University Press",
  year = 	 "1 Feb 1993",
  note = 	 "Comprises a series of lectures given in Cambridge,
		  Massachusetts in 1898"} 
		
@Book{Peirce1,
  author = 	 "Charles Sanders Peirce",
  title = 	 "{Pragmatism as a Principle and Method of right
		  thinking: The 1903 Harvard Lectures on
		  Pragmatism}",  
  publisher = 	 "State Univ. of N.Y. Press, and Cornell Univ. Press",
  year = 	 "14 July 1997",
  OPTnote = 	 ""}
			
@Book{Searle85,
  author = 	 "John R. Searle",
  title = 	 "{Expression and Meaning: Studies in the Theory of
		  Speech Acts}", 
  publisher = 	 "Cambridge University Press",
  year = 	 "1 Nov 1985",
  note = 	 "Paperback"}
		
@Book{Austin75,
  author = 	 "J.L. Austin",
  title = 	 "{How to Do Things with Words}",
  publisher = 	 "Harvard University Press",
  year = 	 "1 Jan 1975",
  note = 	 "Paperback"}
	
@Book{Tsohadtzidis94,
  author = 	 "S.L. Tsohadtzidis",
  title = 	 "{Foundations of Speech Act Theory,
 Philosophical and Linguistic Perspectives}",
  publisher = 	 "Taylor \& Francis Books Ltd.",
  year = 	 "3 Nov 1994",
  note = 	 "Hardback. ISBN 0415095247"}

@Book{Mey01,
  author = 	 "Jacob Mey",
  title = 	 "{Pragmatics: An Introduction}",
  publisher = 	 "Blackwell Publishers",
  year = 	 "13 January, 2001",
  note = 	 "Paperback"}


@TechReport{partridge2002,
  author = 	 "Chris Partridge",
  title = 	 "{A couple of meta--ontological choices for
		  ontological architectures}",
  institution =  "LADSEB--CNR, Italian National Research Council",
  year = 	 "2002", month = "June",
  type = 	 "Note",
  number = 	 "06/02",
  address = 	 "Corso Stati Uniti, I--35127 Padova, Italy",
  OPTnote = 	 ""}


@Article{abc-xyz,
  author = "a",
  title = "{b}",
  journal =  "c",	 
  year = "d",
  volume = "e",
  number =  "f",
  month = "g",
  pages = "h",
  OPTnote = "i"}
		  
@Article{opdahl-sellers-02,
  author = 	 "Andreas L. Opdahl and Brian Henderson--Sellers",
  title = 	 "{Ontological Evaluation of the UML Using the
                  Bunge--Wand--Weber Model}",
  journal = 	 "Software and Systems Modeling",
  year = 	 "2002",
  volume = 	 "1",
  number = 	 "1",
  month = 	 "12 September",
  pages = 	 "43--67",
  OPTnote = 	 ""}


@TechReport{weber97,
  author = 	 "R. Weber",
  title = 	 "{Ontological Foundations of Information Systems}",
  institution =  "Coopers \& Lybrand",
  year = 	 "1997",
  type = 	 "Accounting Research Methodology Monograph",
  number = 	 "4",
  address = 	 "333 Collins Street, Melbourne, Victoria, Australia",
  OPTnote = 	 ""}


@Article{weber96,
  author = 	 "R. Weber and Y. Zhang",
  title = 	 "{An Analytical Evaluation of NIAM's Grammar for
                   Conceptual Schema Diagrams}",
  journal = 	 "Journal of Information Systems",
  year = 	 "1996",
  volume = 	 "6",
  OPTpages = 	 "147--170",
  OPTnote = 	 ""}


@InBook{wand89,
  author = 	 "Y. Wand",
  title = 	 "{A Proposal for a Formal Model of Objects}",
  chapter = 	 "21",
  publisher = 	 "ACM Press / Addison--Welsey",
  year = 	 "1989",
  volume = 	 "Object--Oriented Concepts, Databases and
                  Applications. Eds.: W. Kim and F.H. Lochowsky",
  address = 	 "New York, USA",
  pages = 	 "537--559",
  OPTnote = 	 ""}

@Article{ww95,
  author = 	 "Y. Wand and R. Weber",
  title = 	 "{On the Deep Structure of Information}",
  journal = 	 "Journal of Information Systems",
  year = 	 "1995",
  OPTvolume = 	 "5",
  OPTpages = 	 "203--223",
  OPTnote = 	 ""}

@Article{ww93,
  author = 	 "Y. Wand and R. Weber",
  title = 	 "{On the Ontological Expressiveness of Information
                  Systems Analysis and Design Grammars}",
  journal = 	 "Journal of Information Systems",
  year = 	 "1993",
  OPTvolume = 	 "3",
  OPTpages = 	 "217--237",
  OPTnote = 	 ""}


@InProceedings{wand88,
  author = 	 "Y. Wand",
  title = 	 "{An Ontological Foundation for Information Systems
                   Design Theory}",
  booktitle = 	 "{Office Information Systems: The Design Process}",
  editor = 	 "B. Pernici and A.A. Verrijn--Stuart",
  series = 	 "IFIP WG8.1 Working Conference, Linz, Austria",
  year = 	 "1988",
  organization = "International Federation for Information Processing",
  publisher = "Elservier (North Holland) Publ.",
  address = 	 "Amsterdam, The Netherlands",
  month = 	 "August",
  OPTpages = 	 "",
  OPTnote = 	 "",
  OPTannote = 	 ""
}

@InProceedings{ww89,
  author = 	 "Y. Wand and R. Weber",
  title = 	 "{An Ontological Evaluation of Systems Analysis and 
                   Design Methods}",
  booktitle = 	 "{Information Systems Concepts: An In--depth Analysis}",
  editor = 	 "E. Falkenberg and P. Lindgreen",
  series = 	 "IFIP WG8.1 Working Conference, Namur, Belgium",
  year = 	 "1989",
  organization = "International Federation for Information Processing",
  publisher = "North Holland Publ.",
  address = 	 "Amsterdam, The Netherlands",
  month = 	 "October",
  pages = 	 "79--107",
  OPTnote = 	 ""}

@Book{bunge77,
  author = 	 "M. Bunge",
  title = 	 "{Treatise on Basic Philosophy: Ontology I: 
                   The Furniture of the World}",
  publisher = 	 "Reidel",
  year = 	 "1977",
  volume = 	 "3",
  address = 	 "Boston, Mass., USA",
  OPTnote = 	 ""}

@Book{bunge79,
  author = 	 "M. Bunge",
  title = 	 "{Treatise on Basic Philosophy: Ontology II: 
                   A World of Systems}",
  publisher = 	 "Reidel",
  year = 	 "1979",
  volume = 	 "4",
  address = 	 "Boston, Mass., USA",
  OPTnote = 	 ""}

@Book{bunge99,
  author = 	 "M. Bunge",
  title = 	 "{Dictionary of Philosophy}",
  publisher = 	 "Prometheus Books",
  year = 	 "1999",
  address = 	 "Amherst, NY",
  OPTedition = 	 "",
  OPTnote = 	 ""}


@Book{BurkeFrance1790,
  author = 	 "Edmund Burke",
  title = 	 "{Reflections on the Revolution in France, Ed.\ Conor
                  Cruise O'Brien}",
  publisher = 	 "Hammondsworth",
  year = 	 "1790 (1968)"}

@Book{BurkeBio1980,
  author = 	 "C.B. MacPherson",
  title = 	 "{Burke}",
  publisher = 	 "Oxford University Press",
  year = 	 "1980"}


@Book{feixiaotong47,
  author = 	 "Fei Xiao Tong",
  title = 	 "{From the Soil --- The Foundations of
                   Chinese Society: \textsl{XiangTu ZhongGuo}}",
  publisher = 	 "University of California Press",
  year = 	 "(1947) 1992",
  address = 	 "Berkeley 94720, Calif., USA",
  note = 	 "(Fei Hsiao--t'ung: Hsiang t'u Chung--kuo)
                  Translated by Gary G. Hamilton 
                  and Wang Zheng. ISBN 0--520--07796--2\footnote{https://en.wikipedia.org/wiki/Fei\_Xiaotong}"}


@Book{hoare2000,
  editor = 	 "A.~W. Roscoe and J.~C.~P. Woodcock",
  title = 	 "{A Millenium Perspective on Informatics}",
  publisher = 	 "Palgrave",
  year = 	 "2001",
  month = 	 "November",
  note = 	 "Festschrift for Sir Tony Hoare",
  OPTannote = 	 ""
}


@Book{favrholdt2000,
  author = 	 "David Favrholdt",
  title = 	 "{{\AE}stetik og filosofi}",
  publisher = 	 "H{\o}st \& S{\o}n",
  year = 	 "2000",
  series = 	 "H{\o}st Humaniora",
  address = 	 "K{\o}bmagergade 62, DK--1150 Copenhagen K,
                  Denmark",
  month = 	 "Fall",
  OPTnote = 	 ""}

@Book{favrholdt1999,
  author = 	 "David Favrholdt",
  title = 	 "{Filosofisk Codex --- Om begrundelsen
                   af den menneskelige erkendelse}",
  publisher = 	 "Gyldendal",
  year = 	 "1999",
  address = 	 "Nordisk Forlag, Klareboderne, Copenhagen K,
                  Denmark",
  OPTmonth = 	 "",
  note = 	 "In Danish. English/German `translation':
                  Philosophical Codex ---  On motivating
                  human `erkenntniss'. 361 pages"}


@InCollection{clivebell95,
  author = 	 "Clive Bell",
  title = 	 "{The Aesthetic Hypothesis}",
  booktitle = 	 "{The Philosophy of Art: Readings Ancient
                   and Modern}",
  publisher = "McGraw--Hill Inc.",
  year = 	 "1995",
  note = 	 "Eds.: A. Neil and A. Ridley"}

@InCollection{wamberg99,
  author = 	 "Jakob Wamberg",
  title = 	 "{Kunsbegrebets for{\ae}ldelse}",
  booktitle = 	 "{Kunstteori: Positioner i nutidig 
                   kunstdebat}",
  publisher = "Borgen, Copenhagen, Denmark",
  year = 	 "1999",
  pages        = "187--188",
  note = 	 "Eds.: Hans Dam Christensen, Anders
                  Michelsen and Jakob Wamberg"}



@Article{wladtatar71,
  author = 	 "W{\l}adys{\l}aw Tatarkiewicz",
  title = 	 "{What is Art~? Problem of Definition Today}",
  journal = 	 "The British Journal of Aesthetics",
  year = 	 "1971",
  volume = 	 "11",
  number = 	 "4",
  month = 	 "Spring",
  OPTnote = 	 ""}

	  

@Book{Aristotle1984,
  editor = 	 "J. Barnes",
  title = 	 "{The Complete Works of Aristotle; I and II}",
  publisher = 	 "Princeton University Press",
  year = 	 "1984",
  address = 	 "N.J., USA",
  edition = 	 ""}


@Book{Ayer,
  editor = 	 "L.E. Hahn",
  title = 	 "{The Philosophy of A.J.Ayer}",
  publisher = 	 "The Library of Living Philosophers",
  year = 	 "1992",
  address = 	 "La Salle, Illinois",
  edition = 	 ""}


@Book{Berkeley,
  editor = 	 "A.A. Luces and T.E. Jessop",
  title = 	 "{George Berkeley: Works; 9 vols.}",
  publisher = 	 "London",
  year = 	 "1949--57",
  address = 	 "England",
  edition = 	 ""}


@Book{Carnap,
  author = 	 "R. Carnap",
  title = 	 "{The Logical Structure of the World and
Pseudo\--problems in Philosophy}",
  publisher = 	 "R.A. George (tr.)",
  year = 	 "1967",
  address = 	 "London, England",
  edition = 	 ""}


@Book{Descartes,
  editor = 	 "J. Cottingham",
  title = 	 "{The Cambridge Companion to Descartes}",
  publisher = 	 "Cambridge Univ. Press",
  year = 	 "1992",
  address = 	 "England",
  edition = 	 ""}


@Book{Hume,
  editor = 	 "David Fate Norton",
  title = 	 "{The  Cambridge Companion to Hume}",
  publisher = 	 "Cambridge Univ. Press",
  year = 	 "1996",
  address = 	 "England",
  edition = 	 ""}

@Book{Hegel,
  author = 	 "C.W.F. Hegel",
  title = 	 "{(I) Hegel's Phenomenology of Spirit,
                   (II) Philosophy of Right,
                   (III) Science of Logic}",
  publisher = 	 "Oxford Univ. Press, etc.",
  year = 	 "1977, 1967 and 1969",
  address = 	 "Oxford, and London, England",
  edition = 	 ""}



@Book{KantMetaphysik,
  author = 	 "Immanuel Kant",
  title = 	 "{Prolegomena zu einer jeden k{\"{u}}nftigen Metaphysik}",
  publisher = 	 "Hofenberg [Hartknoch, Riga]",
  year = 	 "2016 [1783]"}

@Book{Kant1992,
  editor = 	 "P. Guyer",
  title = 	 "{The Cambridge Companion to Kant}",
  publisher = 	 "Cambridge Univ. Press",
  year = 	 "1992",
  address = 	 "England",
  edition = 	 ""}

@Book{Husserl,
  editor = 	 "F.A. Elliston and P. McCormick",
  title = 	 "{Husserl: Expositions and Appraisals}",
  publisher = 	 "Notre Dame Univ. Press",
  year = 	 "1977",
  address = 	 "Indiana, USA",
  edition = 	 ""}


@Book{Leibniz,
  editor = 	 "Leroy Loemker",
  title = 	 "{Gottfried Wilhlem Leibniz: Philosophical
Papers and Letters}",
  publisher = 	 "Dordrecht",
  year = 	 "1969",
  address = 	 "The Netherlands",
  edition = 	 ""}


@Book{Simons87, 
  author = 	 "Peter M. Simons",
  title = 	 "{Parts: A Study in Ontology}",
  publisher = 	 "Clarendon Press",
  year = 	 "1987",
  note = 	 ""
}	  

@Book{CasatiVarzi1999, 
  author = 	"Roberto Casati and Achille C. Varzi",
  title = 	 "{Parts and Places: the structures of
		  spatial representation}",
  publisher = 	 "MIT Press",
  year = 	 "1999"}
		  
@InBook{Lesniewski, 
  author = 	 "Peter M. Simons",
  title = 	 "{Foundations of Logic and Linguistics:
                   Problems and their Solutions}",
  chapter = 	 "{Le{\'s}niewski's Logic and its Relation
                   to Classical and Free Logics}",
  publisher = 	 "Plenum Press, New York",
  year = 	 "1985",
  note = 	 "Georg Dorn and P. Weingartner (Eds.)"
}


@Book{Locke,
  author = 	 "Michael Ayers",
  title = 	 "{Locke, 2 Vols.}",
  publisher = 	 "Oxford Univ. Press",
  year = 	 "1992",
  address = 	 "London",
  edition = 	 ""}


@Book{Naess,
  author = 	 "Arne Naess",
  title = 	 "{Philosophy}",
  publisher = 	 "",
  year = 	 "1980",
  address = 	 "Oslo, Norway",
  edition = 	 ""}


@Book{Plato,
  editor = 	 "E. Hamilton and H. Cairns",
  title = 	 "{The Collected Dialogues of Plato}",
  publisher = 	 "New York",
  year = 	 "1961"}


@Book{Spinoza,
  editor = 	 "Edwin Curley",
  title = 	 "{The Collected Works of Spinoza}",
  publisher = 	 "Princeton Univ. Press",
  year = 	 "1985"}


@Book{Wittgenstein21,
  author = 	 "Ludwig Johan Josef Wittgenstein",
  title = 	 "{Tractatus Logico--Philosophicus}",
  publisher = 	 "Oxford Univ. Press",
  year = 	 "(1921) 1961",
  address = 	 "London",
  edition = 	 ""}

@Book{Wittgenstein58,
  author = 	 "Ludwig Johan Josef Wittgenstein",
  title = 	 "{Philosophical Investigations}",
  publisher = 	 "Oxford Univ. Press",
  year = 	 "1958",
  address = 	 "",
  edition = 	 ""}

@Book{Rus12,
  author = 	 "Bertrand Russell",
  title = 	 "{The Problems of Philosophy}",
  publisher = 	 "Home University Library",
  address = "London",
  year = 	 "1912",
  note = "Oxford University Press paperback, 1959 Reprinted, 1971-2"}

@ARTICLE{Russell1905,
  KEY           = "Russell 05",
  AUTHOR        = "Bertrand Russell",
  TITLE         = "{On Denoting}",
  JOURNAL       = "Mind",
  YEAR          = "1905",
  VOLUME        = "14",
  PAGES         = "479-493",
  ANNOTE        = ""}

@Book{Russell1919,
  author = 	 "Bertrand Russell",
  title = 	 "{Introduction to Mathematical Philosophy}",
  publisher = 	 "George Allen and Unwin",
  address = "London",
  year = 	 "1919"}

@Book{Rus1918,
  author = 	 "Bertrand Russell",
  title = 	 "{Introduction to Mathematical Logic}",
  publisher = 	 "{The Muirhead Library of Philosophy. London: George
		  Allen and Unwin}", 
  address = "London",
  year = 	 "1919"}

@Book{Rus1945,
  author = 	 "Bertrand Russell",
  title = 	 "{History of Western Philosophy}",
  publisher = 	 "{George
		  Allen and Unwin Ltd, Unwin University Books}", 
  address = "London",
  year = 	 "1974 (1945, 1961)"}

@Book{Rus1901-1951,
  author = 	 "Bertrand Russell",
  title = 	 "{Logic and Knowledge: Essays 1901--1950}",
  publisher = 	 "{George  Allen and Unwin}", 
  address = "London",
  year = 	 "1974 (1945, 1961)"}


@Book{WvQuine53,
  author = 	 "Willard {van Orman Quine}",
  title = 	 "{From a Logical Point of View}",
  publisher = 	 "Harvard Univ.\ Press",
  year = 	 "1953, 1980",
  note = "Collection of papers: Language and Ontology",
  address = 	 "{Cambridge, Mass., USA}"}

@Book{WvQuine60,
  author = 	 "Willard {van Orman Quine}",
  title = 	 "{Word and Object}",
  publisher = 	 "The MIT Press", 
  year = 	 "1960",
  note = "Naturalism: Philosophy as part of Natural Science",
  address = 	 "{Cambridge, Mass., USA}"}

@Book{WvQuine90,
  author = 	 "Willard {van Orman Quine}",
  title = 	 "{Pursuit of Truth}",
  publisher = 	 "Harvard Univ. Press",
  edition = "Paperback",
  year = 	 "1992",
  note = "Clear, concise formulation of Quine's 
          philosophical position",
  address = 	 "{Cambridge, Mass., USA}"}


@Book{Heidegger27,
  author = 	 "Martin Heidegger",
  title = 	 "{Sein und Zeit (Being and Time)}",
  publisher = 	 "Oxford University Press",
  year = 	 "1927, 1962",
  OPTaddress = 	 ""}

@Book{popper-tlosd59,
  author = 	 "Karl R. Popper",
  title = 	 "{The Logic of Scientific Dicovery}",
  publisher = 	 "Hutchinson of London",
  year = 	 "1959,\ldots,1979",
  address = "3 Fitzroy Square, London W1, England",
  OPTkey = 	 "philosophy",
  note = 	 "Translated from \cite{popper-ldf34}",
  OPTannote = 	 ""
}

@Book{popper-ldf34,
  author = 	 "Karl R. Popper",
  title = 	 "{Logik der Forschung}",
  publisher = 	 "Julius Springer Verlag",
  year = 	 "1934 (1935)",
  address = "Vienna, Austria",
  OPTkey = 	 "philosophy",
  note = 	 "English version \cite{popper-tlosd59}",
  OPTannote = 	 ""
}

@Book{popper-car-tgask63,
  author = 	 "Karl R. Popper",
  title = 	 "{Conjectures and Refutations. The Growth
                   of Scientific Knowledge}",
  publisher = 	 "Routledge and Kegan Paul Ltd.
                  (Basic Books, Inc.)",
  year = 	 "1963,\ldots,1981",
  address = "39 Store Street, WC1E 7DD, London, England 
             (New York, NY, USA)",
  OPTkey = 	 "philosophy",
  OPTnote = 	 "",
  OPTannote = 	 ""
}

@Book{popper-aokp74,
  author = 	 "Karl R. Popper",
  title = 	 "{Autobiography of Karl Popper}",
  publisher = 	 "Open Court Publishing Co.",
  year = 	 "1976",
  series = 	 "in {\sf The Philosohy of Karl Popper}
                  in {\sl The Library of Living Philosophers},
                  Ed. Paul Arthur Schilpp",
  address = "Illionos, USA",
  OPTkey = 	 "philosophy",
  note = 	 "See also \cite{popper-ue-aib76}",
  OPTannote = 	 ""
}
@Book{popper-ue-aib76,
  author = 	 "Karl R. Popper",
  title = 	 "{Unended Quest: 
                   An Intellectual Autobiography}",
  publisher = 	 "Fontana/Collins",
  year = 	 "1976--1982",
  series = 	 "Philosophy and Autobiography",
  address = "England",
  OPTkey = 	 "philosophy",
  note = 	 "Originally in \cite{popper-aokp74}",
  OPTannote = 	 ""
}


@Book{popper-app83,
  author = 	 "Karl R. Popper",
  title = 	 "{A Pocket Popper}",
  publisher = 	 "Fontana Press",
  year = 	 "1983",
  address = "England",
  series = "Fontana Pocket Readers",
  editor = 	 "",
  OPTkey = 	 "philosophy",
  note = 	 "An edited collection, Ed.\ David Miller",
  OPTannote = 	 ""
}

@Book{popper-tmotf94,
  author = 	 "Karl R. Popper",
  title = 	 "{The Myth of the Framework. In defence of
                   science and rationality}",
  publisher = 	 "Routledge",
  year = 	 "1994, 1996",
  address = "11 New Fetter Lane, London EC4P 4EE, England",
  OPTkey = 	 "philosophy",
  note = 	 "An edited collection of essays,
                  Ed. M.A. Notturno",
  OPTannote = 	 ""
}

@Book{tceol-87,
  author = 	 "David Crystal",
  title = 	 "{The Cambridge Encyclopedia of Language}",
  publisher = 	 "Cambridge University Press",
  year = 	 "1987, 1988", 
  OPTaddress = 	 "The Pitt Building, Trumpington Street,
                  Cambridge CB2 1RP, England",
  OPTannote = 	 ""
}
  
@Book{oxford.dict.phil95,
  author = 	 "Ted Honderich",
  title = 	 "{The Oxford Companion to Philosophy}",
  publisher = 	 "Oxford University Press",
  year = 	 "1995",
  address = 	 "Walton St., Oxford {\sc ox2 6dp}, England",
  OPTnote = 	 ""}

@Book{Lakatos63,
  author = 	 "Imre Lakatos",
  title = 	 "{Proofs and Refutations: The Logic of Mathematical
		  Discovery (Eds.: J. Worrall and E. G. Zahar)}",
  publisher = 	 "Cambridge University Press",
  year = 	 "2 September 1976",
  address = 	 "The Edinburgh Building, Shaftesbury Road, Cambridge
		  CB2 2RU, England",
  note = 	 "ISBN: 0521290384.
		  Published in 1963-64 in four parts in the British Journal
		  for Philosophy of Science. (Originally Lakatos' name
		  was Imre Lipschitz.)"}



@Book{cambridge.dict.phil95,
  author = 	 "Rober Audi",
  title = 	 "{The Cambridge Dictionary of Philosophy}",
  publisher = 	 "Cambridge University Press",
  year = 	 "1995",
  address = 	 "The Pitt Building, Trumpington Street,
                  Cambridge {\sc CB2 1RP,} England",
  OPTnote = 	 ""}


@Book{Wille:ConceptualAnalysis1999,
  author = 	 "Bernhard Ganter and Rudolf Wille",
  title = "{Formal Concept Analysis --- 
           Mathematical Foundations}",
  publisher = "{Springer-Verlag}",
  year = "{January 1999}"}

@Book{GanterWille:ConceptualAnalysis1999,
  author = 	 "Bernhard Ganter and Rudolf Wille",
  title = "{Formal Concept Analysis --- 
           Mathematical Foundations}",
  publisher = "{Springer-Verlag}",
  year = "{January 1999}"}

@Book{JohnSowa2000,
  author = 	 "John F. Sowa",
  title = "{Knowledge Representation: Logical, Philosophical, and 
	    Computational Foundations}", 
  publisher = "{Brooks/Cole Thompson Learning}",
  year = "{August 17, 1999}"}
	  
@Article{Hacker1982b,
  author    = "P.M.S. Hacker",
  title     = "{Events and Objects in Space and Time}",
  journal   = "{Mind}",
  year      = "{1982}",
  volume    = "{91}",
  pages     = "{1--19}",
  note      = "{reprinted in \cite{CasatiVarzi1996}, pp. 429â€“-447.}"}   
		  
@Article{Quinton1979,
  author    = "A. Quinton",
  title     = "{Objects and Events}",
  journal   = "{Mind}",
  year      = "{1979}",
  volume    = "{88}",
  pages     = "{197--214}"}   
  
@Article{Dretske1967,
  author    = "F. Dretske",
  title     = "{Can Events Move?}",
  journal   = "{Mind}",
  year      = "{1967}",
  volume    = "{76}",
  number    = "{479â€“-492}",
  note      = "{Reprinted in \cite[1996]{CasatiVarzi1996}, pp. 415â€“-428.}"}   
			  
@Article{Mellor1980,
  author    = "D.H. Mellor",
  title     = "{Things and Causes in Spacetime}",
  journal   = "British Journal for the Philosophy of Science",
  year      = "1980",
  volume    = "31",
  pages     = "282â€“-288"}
		  
@Book{CasatiVarzi1996,
  editor    = "Roberto Casati and Achille C. Varzi",
  title     = "{Events}",
  publisher = "{Ashgate Publishing Group -- Dartmouth Publishing Co.\
  Ltd.}",
  address   = "{Wey Court East,
Union Road,
Farnham,
Surrey,
GU9 7PT,
United Kingdom}",
  month     = "23 March",
  year      = "1996"}
	    	  
@Book{Davidson1980,
  author    = "Donald Davidson",
  title     = "{Essays on Actions and Events}",
  publisher = "Oxford University Press",
  year      = "1980"}		  
		  
@Book{PhilCA1,
  author = 	 "D. H. Mellor and Alex Oliver",
  title = "{Properties}",
  publisher = "{Oxford Univ Press}",
  year = "{May 1997}",
  series = "{Oxford Readings in Philosophy}",
  note = "{ISBN: 0198751761, 320 pages}"}	  
		  
@Book{PhilCA1997,
  editor = 	 "D. H. Mellor and Alex Oliver",
  title = "{Properties}",
  publisher = "{Oxford Univ Press}",
  year = "{May 1997}",
  series = "{Oxford Readings in Philosophy}",
  note = "{ISBN: 0198751761, 320 pages}"}	  
		  
@Book{MellorOliver1997,
  author = 	 "D. H. Mellor and Alex Oliver",
  title = "{Properties}",
  publisher = "{Oxford Univ Press}",
  year = "{May 1997}",
  series = "{Oxford Readings in Philosophy}",
  note = "{ISBN: 0198751761, 320 pages}"}	  
		  
@Book{PhilCA2,
  editor = "Gennaro Chierchia, Barbara H. Partee and R. Turner",
  title = "{Properties, Types and Meaning}",
  publisher = "Kluwer Academic",
  month = "15 December",
  year = "1988",
  note = "Vol.~I: Foundational Issues, Vol.~II: Semantic Issues"}
	  
@Book{PhilCA1998,
  editor = "Gennaro Chierchia, Barbara H. Partee and R. Turner",
  title = "{Properties, Types and Meaning}",
  publisher = "Kluwer Academic",
  month = "15 December",
  year = "1988",
  note = "Vol.~I: Foundational Issues, Vol.~II: Semantic Issues"}

@Book{ChierchiaEtAl1998,
  editor = "Gennaro Chierchia, Barbara H. Partee and R. Turner",
  title = "{Properties, Types and Meaning}",
  publisher = "Kluwer Academic",
  month = "15 December",
  year = "1988",
  note = "Vol.~I: Foundational Issues, Vol.~II: Semantic Issues"}

@Book{blackwell96,
  editor = 	 "Nicholas Bunnin and E.P. Tsui--James",
  title = 	 "{The Blackwell Companion to Philosophy}",
  publisher = 	 "Blackwell Publishers",
  year = 	 "1996",
  series = 	 "Blackwell Companions to Philosophy",
  address = 	 "108 Cowley Road, Oxford OX4 1JF, UK",
  OPTmonth = 	 "",
  OPTnote = 	 "",
  OPTannote = 	 ""
}

@Book{epist-blackwell,
  editor = 	 "Jonathan Dancy and Ernest Sosa",
  title = 	 "{The Blackwell Companion to Epistemology}",
  publisher = 	 "Blackwell Publishers",
  year = 	 "1994",
  series = 	 "Blackwell Companions to Philosophy",
  address = 	 "108 Cowley Road, Oxford OX4 1JF, UK",
  OPTmonth = 	 "",
  OPTnote = 	 "",
  OPTannote = 	 ""
}


@Book{PhilosophyOfMathematics:Dines,
  editor = 	 "Andrew D. Irvine",
  title = 	 "{Philosophy of Mathematics}", 
  publisher = 	 "Elsevier Science \& Technology",
  note  =        "",
  year = 	 "2006"}

@Book{PhilosophyOfPhysics:Dines,
  editor = 	 "Jeremy Butterfield and John Earmann",
  title = 	 "{Philosophy of Physics}", 
  publisher = 	 "Elsevier",
  note  =        "{Handbook of The Philosophy of Science}",
  year = 	 "2006"}

@Book{PhilosophyOfLifeSciences:Dines,
  editor = 	 "Charles T. Wolfe and Philippe Huneman and Thomas A.C. Reydon",
  title = 	 "{History, Philosophy and Theory of the Life Sciences}", 
  publisher = 	 "Springer",
  year = 	 "2013"}