
@Book{fish:kwl77,
  author = 	 "K. Werner Larsen",
  title = 	 "{fisk og fiskeri}",
  publisher = 	 "Gyldendal",
  series = "verdens vigtigste varer",
  number = "3",
  year = 	 "1977"}

@Book{fish:saap78,
  author = 	 "Svend Aage Petersen",
  title = 	 "{Et dansk fiskerisamfund}",
  publisher = 	 "Gyldendal",
  series = "Lokalstudier",
  number = "",
  year = 	 "1978"}

@Book{fish:les95,
  author = 	 "Lars Erik Skovgaard",
  title = 	 "{Fiskeri --- f{\o}r og nu}",
  publisher = 	 "Munksgaard",
  series = "Danske erhverv",
  number = "2",
  year = 	 "1995"}

@Book{fish:hp90,
  author = 	 "Hans Pedersen",
  title = 	 "{Fisk for fremtiden --- om havet som
                  losseplads og arbejdsplads}",
  publisher = 	 "Modtryk",
  series = "",
  number = "",
  year = 	 "1990"}

@Book{fish:cl84,
  author = 	 "Curt Lindstr{\o}m",
  title = 	 "{Hverdag i fiskerihavnen}",
  publisher = 	 "Gyldendal",
  series = "Arbejdspladsen",
  number = "",
  year = 	 "1984"}

@Book{fish:nn78,
  author = 	 "Niels Nielsen",
  title = 	 "{Fiskeri}",
  publisher = 	 "Munksgaard",
  series = "Erhverv og Mennesker",
  number = "4",
  year = 	 "Munksgaard"}

