
         
@InBook{xHav:RSLchapter2007,
  author    = "Klaus Havelund",
  editor    = "Dines Bj{\o}rner and Martin Henson",
  title     = "Logics of Specification Languages",
  chapter   = "RAISE in Perspective",
  publisher = "Springer",
  year      = "2007",
  series    = "Monographs in Theoretical Computer Science. An EATCS Series"}
      
@Article{xBHH:RSL1992,
  author    = "Dines Bj{\o}rner and Anne E. Haxthausen and Klaus Havelund",
  title     = "{Formal, {M}odel-oriented {S}oftware {D}evelopment
               {M}ethods: {F}rom 
               {VDM} to {P}ro{C}o{S} and from {RAISE} to {L}a{C}o{S}}",
  journal   = "Future Generation Computer Systems",
  year      = "1992",
  volume    = "7"}  

             
@Article{xGHNW:RSL1989,
  author    = "Chris George and Klaus Havelund and Mogens Nielsen and
               Kim~Ritter Wagner", 
  title     = "The {RAISE} {L}anguage, {M}ethod and {T}ools",
  journal   = "Formal Aspects of Computing",
  year      = "1989",
  volume    = "1",
  number    = "1",
  month     = "January-March"}


@InProceedings{xNHW:RSL1988,
  author    = "Mogens Nielsen and Klaus Havelund and Kim~Ritter Wagner
               and Chris George", 
  title     = "{The RAISE Language, Method and Tools}",
  booktitle = "VDM - The Way Ahead",
  year      = "1988",
  volume    = "328",
  series    = LNCS,
  pages     = "376--405",
  publisher = "Springer"}

@techreport{CRI/RAISE/DOC/1/v4,
    author       = "Chris George and Peter Haff and Klaus Havelund and Anne
                    {E. Haxthausen} and Robert Milne and Claus {Bendix
                    Nielsen} and S{\o}ren Prehn and Kim {Ritter Wagner}",
    title        = "The {RAISE} Specification Language",
    type         = "CRI Report",
    number       = "DOC/1/V4",
    institution  = "Computer Resources International",
    month        = "January",
    year         = "1992"}

@techreport{RAISE/CRI/DOC/1/V2,
    author       = "Klaus Havelund",
    title        = "An {RSL} Tutorial",
    type         = "RAISE Report",
    number       = "DOC/1/V2",
    institution  = "CRI A/S",
    month        = "June",
    year         = "1990"}

@techreport{RAISE/CRI/DOC/2/V2,
    author       = "Klaus Havelund and Anne Haxthausen",
    title        = "{RSL} Reference Manual",
    type         = "RAISE Report",
    number       = "DOC/2/V2",
    institution  = "CRI A/S",
    month        = "June",
    year         = "1990"}

@techreport{RAISE/DDC/EM/22/V3,
    author       = "Erik Meiling and Klaus Havelund and Lars W. Henriksen and
                    Jesper J{\o}rgensen and Leif S. Nielsen and Steen U. Palm
                    and Peter Sestoft and Harald S{\o}ndergaard and
                    Kim R. Wagner",
    title        = "Outline of the {RAISE} {Specification} {Language}",
    type         = "RAISE Report",
    number       = "EM/22/V3",
    institution  = "Dansk Datamatik Center",
    month        = "June",
    year         = "1987"}

@techreport{RAISE/DDC/EM/23/V4,
    author       = "Erik Meiling and Jesper J{\o}rgensen and Leif S.
                    Nielsen and Steen U. Palm and Klaus Havelund and
                    Peter Haff and Peter Sestoft and Kim R. Wagner and
                    Palle Christensen",
    title        = "{RSL} Pocket Guide",
    type         = "RAISE Report",
    number       = "EM/23/V4",
    institution  = "Dansk Datamatik Center",
    month        = "April",
    year         = "1987"}

@techreport{RAISE/DDC/JJ/13/V2,
    author       = "Jesper J{\o}rgensen and Erik Meiling and Palle Christensen
                    and Klaus Havelund",
    title        = "Flat Language Issues",
    type         = "RAISE Report",
    number       = "JJ/13/V2",
    institution  = "Dansk Datamatik Center",
    month        = "February",
    year         = "1987"}  

@techreport{RAISE/DDC/JJ/14/V4,
    author       = "Palle Christensen and Peter Haff and Klaus Havelund
                    and Lars W. Henriksen and Jesper J{\o}rgensen and Erik
                    Meiling and Leif S. Nielsen and Mogens Nielsen and Steen
                    U. Palm and Peter Sestoft and Kim R. Wagner",
    title        = "Preliminary Definition of the {RAISE} {Specification}
                    {Language}",
    type         = "RAISE Report",
    number       = "JJ/14/V4",
    institution  = "Dansk Datamatik Center",
    month        = "July",
    year         = "1987"}

@techreport{RAISE/DDC/KAK/1/V1,
    author       = "Klaus Havelund and Anne E. Haxthausen and Kim R. Wagner",
    title        = "Change Request for the {RAISE} {Specification}
                    {Language}",
    type         = "RAISE Report",
    number       = "KAK/1/V1",
    institution  = "Dansk Datamatik Center",
    month        = "August",
    year         = "1988"}

@techreport{RAISE/DDC/KH/1/V1,
    author       = "Klaus Havelund",
    title        = "Algebraic Specification",
    type         = "RAISE Report",
    number       = "KH/1/V1",  
    institution  = "Dansk Datamatik Center",
    month        = "March",
    year         = "1985"}

@techreport{RAISE/DDC/KH/2/V1,
    author       = "Klaus Havelund",
    title        = "Alpha and Beta Examples",
    type         = "RAISE Report",
    number       = "KH/2/V1",  
    institution  = "Dansk Datamatik Center",
    month        = "April",
    year         = "1985"}

@techreport{RAISE/DDC/KH/3/V1,
    author       = "Klaus Havelund",
    title        = "Algebraic Specification",
    type         = "RAISE Report",
    number       = "KH/3/V1",  
    institution  = "Dansk Datamatik Center",
    month        = "May",
    year         = "1985"}

@techreport{RAISE/DDC/KH/5/V1,
    author       = "Klaus Havelund",
    title        = "A Meta Language for Naive Denotational Semantics",
    type         = "RAISE Report",
    number       = "KH/5/V1",
    institution  = "Dansk Datamatik Center",
    month        = "June",
    year         = "1985"}

@techreport{RAISE/DDC/KH/6/V4,
    author       = "Klaus Havelund",
    title        = "Theory Gaps oct.\ 85",
    type         = "RAISE Report",
    number       = "KH/6/V4",  
    institution  = "Dansk Datamatik Center",
    month        = "October",
    year         = "1985"}

@techreport{RAISE/DDC/KH/7/V1,
    author       = "Klaus Havelund",
    title        = "Preliminary Report on Structuring of Specifications",
    type         = "RAISE Report",
    number       = "KH/7/V1",
    institution  = "Dansk Datamatik Center",
    month        = "October",
    year         = "1985"} 

@techreport{RAISE/DDC/KH/8/V1,
    author       = "Klaus Havelund",
    title        = "A project Graph (Dok. I af IV)",
    type         = "RAISE Report",
    number       = "KH/8/V1",
    institution  = "Dansk Datamatik Center",
    month        = "January",
    year         = "1985"}

@techreport{RAISE/DDC/KH/9/V1,
    author       = "Klaus Havelund",
    title        = "A Project Epic (Dok. II af IV)",
    type         = "RAISE Report",
    number       = "KH/9/V1",
    institution  = "Dansk Datamatik Center",
    month        = "January",
    year         = "1985"}

@techreport{RAISE/DDC/KH/10/V1,
    author       = "Klaus Havelund",
    title        = "Process vs. Objects (Dok. III af IV)",
    type         = "RAISE Report",
    number       = "KH/10/V1",
    institution  = "Dansk Datamatik Center",
    month        = "January",
    year         = "1985"}

@techreport{RAISE/DDC/KH/11/V1,
    author       = "Klaus Havelund",
    title        = "Contents Listing (Dok. IV af IV)",
    type         = "RAISE Report",
    number       = "KH/11/V1",
    institution  = "Dansk Datamatik Center",
    month        = "January",
    year         = "1985"} 

@techreport{RAISE/DDC/KH/12/V1,
    author       = "Klaus Havelund",
    title        = "Report on {DDC}'s Participation in the {TAPSOFT} 85
                    Conference",
    type         = "RAISE Report",
    number       = "KH/12/V1",
    institution  = "Dansk Datamatik Center",
    month        = "January",
    year         = "1985"}

@techreport{RAISE/DDC/KH/16/V1,
    author       = "Klaus Havelund",
    title        = "A Survey of Structuring Facilities in Selected
                    Specification Languages",
    type         = "RAISE Report",
    number       = "KH/16/V1",
    institution  = "Dansk Datamatik Center",
    month        = "December",
    year         = "1985"}

@techreport{RAISE/DDC/KH/18/V2,
    author       = "Klaus Havelund",
    title        = "Notes on the Structuring Facilities of the {RAISE}
                    Language",
    type         = "RAISE Report",
    number       = "KH/18/V2",
    institution  = "Dansk Datamatik Center",
    month        = "May",
    year         = "1986"}

@techreport{RAISE/DDC/KH/19/V1,
    author       = "Klaus Havelund",
    title        = "A Semantic Language",
    type         = "RAISE Report",
    number       = "KH/19/V1",  
    institution  = "Dansk Datamatik Center",
    month        = "September",
    year         = "1986"}

@techreport{RAISE/DDC/KH/20/V1,
    author       = "Klaus Havelund",
    title        = "Tagging, Sharing and Structure Replacement",
    type         = "RAISE Report",
    number       = "KH/20/V1",
    institution  = "Dansk Datamatik Center",
    month        = "April",
    year         = "1987"}

@techreport{RAISE/DDC/KH/21/V1,
    author       = "Klaus Havelund",
    title        = "{nRSL} (nano {RSL}) Syntax and Semantics",
    type         = "RAISE Report",
    number       = "KH/21/V1",
    institution  = "Dansk Datamatik Center",
    month        = "February",
    year         = "1987"}

@techreport{RAISE/DDC/KH/22/V1,
    author       = "Klaus Havelund",
    title        = "{Type-RSL}: A Subset of Applicative {RSL}",
    type         = "RAISE Report",
    number       = "KH/22/V1",
    institution  = "Dansk Datamatik Center",
    month        = "February",
    year         = "1987"}

@techreport{RAISE/DDC/KH/23/V1,
    author       = "Klaus Havelund",
    title        = "Semantics of Recursive Type Equations",
    type         = "RAISE Report",
    number       = "KH/23/V1",
    institution  = "Dansk Datamatik Center",
    month        = "March",
    year         = "1987"}

@techreport{RAISE/DDC/KH/24/V1,
    author       = "Klaus Havelund",
    title        = "More on Invariants",
    type         = "RAISE Report",
    number       = "KH/24/V1",
    institution  = "Dansk Datamatik Center",
    month        = "April",
    year         = "1987"}

@techreport{RAISE/DDC/KH/25/V1,
    author       = "Klaus Havelund",
    title        = "Comments on the Version 4 {RSL} Syntax",
    type         = "RAISE Report",
    number       = "KH/25/V1",
    institution  = "Dansk Datamatik Center",
    month        = "April",
    year         = "1987"}

@techreport{RAISE/DDC/KH/26/V1,
    author       = "Klaus Havelund",
    title        = "Comments on the Version 5 {RSL} Syntax",
    type         = "RAISE Report",
    number       = "KH/26/V1",
    institution  = "Dansk Datamatik Center",
    month        = "May",
    year         = "1987"}

@techreport{RAISE/DDC/KH/27/V5,
    author       = "Klaus Havelund and Kim R. Wagner",
    title        = "Kentrikos - A Kernel Specification Language",
    type         = "RAISE Report",
    number       = "KH/27/V5",
    institution  = "Dansk Datamatik Center",
    month        = "October",
    year         = "1987"}

@techreport{RAISE/DDC/KH/31/V1,
    author       = "Klaus Havelund",
    title        = "Semantics of State-based {RSL} Specifications",
    type         = "RAISE Report",
    number       = "KH/31/V1",
    institution  = "Dansk Datamatik Center",
    month        = "January",
    year         = "1988"}

@techreport{RAISE/DDC/KH/32/V1,
    author       = "Klaus Havelund and Kim R. Wagner",
    title        = "Some Possible Explanations of Shared States",
    type         = "RAISE Report",
    number       = "KH/32/V1",
    institution  = "Dansk Datamatik Center",
    month        = "January",
    year         = "1988"}

@techreport{RAISE/DDC/KH/33/V1,
    author       = "Klaus Havelund",
    title        = "Transforming {RSL} Specifications into Flat Kentrikos
                    Specifications",
    type         = "RAISE Report",
    number       = "KH/33/V1",
    institution  = "Dansk Datamatik Center",
    month        = "February",
    year         = "1988"}

@techreport{RAISE/DDC/KH/34/V1,
    author       = "Klaus Havelund",
    title        = "Transformation of While Statements",
    type         = "RAISE Report",
    number       = "KH/34/V1",
    institution  = "Dansk Datamatik Center",
    month        = "February",
    year         = "1988"}

@techreport{RAISE/DDC/KH/36/V1,
    author       = "Klaus Havelund",
    title        = "Two Notions for {RSL}: Structures and Schemas",
    type         = "RAISE Report",
    number       = "KH/36/V1",
    institution  = "Dansk Datamatik Center",
    month        = "October",
    year         = "1988"}

@techreport{RAISE/DDC/KH/38/V3,
    author       = "Klaus Havelund",
    title        = "Structuring for {RSL}",
    type         = "RAISE Report",
    number       = "KH/38/V3",
    institution  = "Dansk Datamatik Center",
    month        = "January",
    year         = "1989"}

@techreport{RAISE/DDC/KH/39/V1,
    author       = "Klaus Havelund",
    title        = "Semantics of {RSL} Modules",
    type         = "RAISE Report",
    number       = "KH/39/V1",
    institution  = "Dansk Datamatik Center",
    month        = "February",
    year         = "1989"}

@techreport{RAISE/DDC/KH/40/V1,
    author       = "Klaus Havelund",
    title        = "Yet More about {RSL} Modules",
    type         = "RAISE Report",
    number       = "KH/40/V1",
    institution  = "Dansk Datamatik Center",
    month        = "February",
    year         = "1989"}

@techreport{RAISE/DDC/KH/41/V5,
    author       = "Klaus Havelund and Robert Milne",
    title        = "Semantics of {RSL$_{2}$}",
    type         = "RAISE Report",
    number       = "KH/41/V5",
    institution  = "Dansk Datamatik Center",
    month        = "May",
    year         = "1989"}

@techreport{RAISE/DDC/KH/43/V2,
    author       = "Klaus Havelund and Robert Milne",
    title        = "Semantics of {RSL}",
    type         = "RAISE Report",
    number       = "KH/43/V2",
    institution  = "Dansk Datamatik Center",
    month        = "September",
    year         = "1989"}

@techreport{RAISE/DDC/KH/51/V2,
    author       = "Klaus Havelund",
    title        = "{Comments on the RSL Tutorial}",
    type         = "RAISE Report",
    number       = "KH/51/V2",
    institution  = "CRI A/S",
    month        = "January",
    year         = "1991",
    note         = "Draft"}

@techreport{RAISE/DDC/KHKRW/1/V1,
    author       = "Klaus Havelund and Kim R. Wagner",
    title        = "Semantics of the {RAISE} {Specification} {Language}",
    type         = "RAISE Report",
    number       = "KHKRW/1/V1",
    institution  = "Dansk Datamatik Center",
    month        = "July",
    year         = "1988"}

@techreport{RAISE/DDC/KHKRW/2/V4,
    author       = "Klaus Havelund and Kim Ritter Wagner and Peter Haff",
    title        = "Listing of Change Requests for {RSL}",
    type         = "RAISE Report",
    number       = "KHKRW/2/V4",
    institution  = "Dansk Datamatik Center",
    month        = "October",
    year         = "1988"}

@techreport{RAISE/DDC/KRW/6/V1,
    author       = "Kim R. Wagner and Peter Sestoft and Klaus Havelund",
    title        = "A Note on {$\mu$RSL}",
    type         = "RAISE Report",
    number       = "KRW/6/V1",
    institution  = "Dansk Datamatik Center",
    month        = "January",
    year         = "1987"}

@techreport{RAISE/DDC/KRW/13/V1,
    author       = "Kim R. Wagner and Klaus Havelund",
    title        = "Semantics of {RSL}",
    type         = "RAISE Report",
    number       = "KRW/13/V1",
    institution  = "Dansk Datamatik Center",
    month        = "February",
    year         = "1988"}

@techreport{RAISE/DDC/LDT/1/V1,
    author       = "Claus {Bendix Nielsen} and Klaus Havelund and Anne
                    Elisabeth Haxthausen and Kim Ritter Wagner",
    title        = "Revision of Structuring",
    type         = "RAISE Report",
    number       = "LDT/1/V1",
    institution  = "Dansk Datamatik Center",
    month        = "October",
    year         = "1988"}

@techreport{RAISE/DDC/LDT/2/V1,
    author       = "Claus {Bendix Nielsen} and Klaus Havelund and Anne
                    Elisabeth Haxthausen and Kim Ritter Wagner",
    title        = "Four Approaches to Sharing and Parameterization",
    type         = "RAISE Report",
    number       = "LDT/2/V1",
    institution  = "Dansk Datamatik Center",
    month        = "October",
    year         = "1988"}

@techreport{RAISE/DDC/LDT/3/V1,
    author       = "Klaus Havelund and Anne Elisabeth Haxthausen and
                    Kim Ritter Wagner",
    title        = "Syntax for {RSL$_2$}",
    type         = "RAISE Report",
    number       = "LDT/3/V1",
    institution  = "Dansk Datamatik Center",
    month        = "January",
    year         = "1989"}

@techreport{RAISE/DDC/LDT/4/V1,
    author       = "Klaus Havelund and {Anne Elisabetth} Haxthausen and Kim
                    Ritter Wagner",
    title        = "Examples in {RSL$_{2}$}",
    type         = "RAISE Report",
    number       = "LDT/4/V1",
    institution  = "Dansk Datamatik Center",
    month        = "January",
    year         = "1989"}

@techreport{RAISE/DDC/LDT/5/V1,
    author       = "Klaus Havelund and {Anne Elisabeth} Haxthausen and Kim
                    Ritter Wagner",
    title        = "Comments on {RSL$_{2}$}",
    type         = "RAISE Report",
    number       = "LDT/5/V1",
    institution  = "Dansk Datamatik Center",
    month        = "January",
    year         = "1989"}

@techreport{LACOS/CRI/KH/2/V1,
    author       = "Klaus Havelund",
    title        = "{Evaluation of {Centaur} A System for Defining Languages}",
    number       = "LACOS/\-CRI/\-KH/\-2/\-V1",
    institution  = "Computer Resources International A/S",
    month        = "November",
    year         = "1990"}


