  
@techreport{CRI/RAISE/DOC/1/v1,
    author       = "Chris George and Peter Haff and Klaus Havelund and Anne
                    {E. Haxthausen} and Robert Milne and Claus {Bendix
                    Nielsen} and S{\o}ren Prehn and Kim Ritter Wagner",
    title        = "{The RAISE Specification Language}",
    type         = "CRI Report",
    number       = "DOC/1/v1",
    institution  = "CRI A/S",
    month        = "June",
    year         = "1991",
    note         = "Replaces RSL Tutorial and RSL Manual"}

@techreport{CRI/RAISE/DOC/1/v4,
    author       = "Chris George and Peter Haff and Klaus Havelund and Anne
                    {E. Haxthausen} and Robert Milne and Claus {Bendix
                    Nielsen} and S{\o}ren Prehn and Kim {Ritter Wagner}",
    title        = "The {RAISE} Specification Language",
    type         = "CRI Report",
    number       = "DOC/1/V4",
    institution  = "Computer Resources International",
    month        = "January",
    year         = "1992"}

@techreport{RAISE/CRI/DOC/1/V1,
    author       = "Klaus Havelund",
    title        = "An RSL Tutorial",
    type         = "RAISE Report",
    number       = "DOC/1/V1",
    institution  = "CRI A/S",
    month        = "April",
    year         = "1990"}

@techreport{RAISE/CRI/DOC/1/V2,
    author       = "Klaus Havelund",
    title        = "An {RSL} Tutorial",
    type         = "RAISE Report",
    number       = "DOC/1/V2",
    institution  = "CRI A/S",
    month        = "June",
    year         = "1990"}

@techreport{RAISE/CRI/DOC/2/V1,
    author       = "Klaus Havelund and Anne Haxthausen",
    title        = "RSL Reference Manual",
    type         = "RAISE Report",
    number       = "DOC/2/V1",
    institution  = "CRI A/S",
    month        = "April",
    year         = "1990"}

@techreport{RAISE/CRI/DOC/2/V2,
    author       = "Klaus Havelund and Anne Haxthausen",
    title        = "{RSL} Reference Manual",
    type         = "RAISE Report",
    number       = "DOC/2/V2",
    institution  = "CRI A/S",
    month        = "June",
    year         = "1990"}

@techreport{RAISE/DDC/EM/22/V3,
    author       = "Erik Meiling and Klaus Havelund and Lars W. Henriksen and
                    Jesper J{\o}rgensen and Leif S. Nielsen and Steen U. Palm
                    and Peter Sestoft and Harald S{\o}ndergaard and
                    Kim R. Wagner",
    title        = "Outline of the {RAISE} {Specification} {Language}",
    type         = "RAISE Report",
    number       = "EM/22/V3",
    institution  = "Dansk Datamatik Center",
    month        = "June",
    year         = "1987"}

@techreport{RAISE/DDC/EM/23/V4,
    author       = "Erik Meiling and Jesper J{\o}rgensen and Leif S.
                    Nielsen and Steen U. Palm and Klaus Havelund and
                    Peter Haff and Peter Sestoft and Kim R. Wagner and
                    Palle Christensen",
    title        = "{RSL} Pocket Guide",
    type         = "RAISE Report",
    number       = "EM/23/V4",
    institution  = "Dansk Datamatik Center",
    month        = "April",
    year         = "1987"}

@techreport{RAISE/DDC/JJ/13/V2,
    author       = "Jesper J{\o}rgensen and Erik Meiling and Palle Christensen
                    and Klaus Havelund",
    title        = "Flat Language Issues",
    type         = "RAISE Report",
    number       = "JJ/13/V2",
    institution  = "Dansk Datamatik Center",
    month        = "February",
    year         = "1987"}  

@techreport{RAISE/DDC/JJ/14/V1,
    author       = "Palle Christensen and Peter Haff and Klaus Havelund and
                    Lars W. Henriksen and Jesper J{\o}rgensen and Erik Meiling
                    and Leif S. Nielsen and Mogens Nielsen and Steen U. Palm
                    and Peter Sestoft and Kim R. Wagner",
    title        = "Preliminary Definition of the {RAISE} {Specification}
                    {Language}",
    type         = "RAISE Report",
    number       = "JJ/14/V1",
    institution  = "Dansk Datamatik Center",
    month        = "May",
    year         = "1987"}

@techreport{RAISE/DDC/JJ/14/V2,
    author       = "Palle Christensen and Peter Haff and Klaus Havelund and
                    Lars W. Henriksen and Jesper J{\o}rgensen and Erik Meiling
                    and Leif S. Nielsen and Mogens Nielsen and Steen U. Palm
                    and Peter Sestoft and Kim R. Wagner",
    title        = "Preliminary Definition of the {RAISE} {Specification}
                    {Language}",
    type         = "RAISE Report",
    number       = "JJ/14/V2",
    institution  = "Dansk Datamatik Center",
    month        = "May",
    year         = "1987"}

@techreport{RAISE/DDC/JJ/14/V3,
    author       = "Palle Christensen and Peter Haff and Klaus Havelund and
                    Lars W. Henriksen and Jesper J{\o}rgensen and Erik Meiling
                    Leif S. Nielsen and Mogens Nielsen and Steen U. Palm and
                    Peter Sestoft and Kim R. Wagner",
    title        = "Preliminary Definition of the {RAISE} {Specification}
                    {Language}",
    type         = "RAISE Report",
    number       = "JJ/14/V3",
    institution  = "Dansk Datamatik Center",
    month        = "May",
    year         = "1987"}

@techreport{RAISE/DDC/JJ/14/V4,
    author       = "Palle Christensen and Peter Haff and Klaus Havelund
                    and Lars W. Henriksen and Jesper J{\o}rgensen and Erik
                    Meiling and Leif S. Nielsen and Mogens Nielsen and Steen
                    U. Palm and Peter Sestoft and Kim R. Wagner",
    title        = "Preliminary Definition of the {RAISE} {Specification}
                    {Language}",
    type         = "RAISE Report",
    number       = "JJ/14/V4",
    institution  = "Dansk Datamatik Center",
    month        = "July",
    year         = "1987"}

@techreport{RAISE/DDC/KAK/1/V1,
    author       = "Klaus Havelund and Anne E. Haxthausen and Kim R. Wagner",
    title        = "Change Request for the {RAISE} {Specification}
                    {Language}",
    type         = "RAISE Report",
    number       = "KAK/1/V1",
    institution  = "Dansk Datamatik Center",
    month        = "August",
    year         = "1988"}

@techreport{RAISE/DDC/KH/1/V1,
    author       = "Klaus Havelund",
    title        = "Algebraic Specification",
    type         = "RAISE Report",
    number       = "KH/1/V1",  
    institution  = "Dansk Datamatik Center",
    month        = "March",
    year         = "1985"}

@techreport{RAISE/DDC/KH/2/V1,
    author       = "Klaus Havelund",
    title        = "Alpha and Beta Examples",
    type         = "RAISE Report",
    number       = "KH/2/V1",  
    institution  = "Dansk Datamatik Center",
    month        = "April",
    year         = "1985"}

@techreport{RAISE/DDC/KH/3/V1,
    author       = "Klaus Havelund",
    title        = "Algebraic Specification",
    type         = "RAISE Report",
    number       = "KH/3/V1",  
    institution  = "Dansk Datamatik Center",
    month        = "May",
    year         = "1985"}

@techreport{RAISE/DDC/KH/4/V1,
    author       = "Klaus Havelund",
    title        = "Report on my Participation in the Workshop",
    type         = "RAISE Report",
    number       = "KH/4/V1",
    institution  = "Dansk Datamatik Center",
    month        = "June",
    year         = "1985"}

@techreport{RAISE/DDC/KH/5/V1,
    author       = "Klaus Havelund",
    title        = "A Meta Language for Naive Denotational Semantics",
    type         = "RAISE Report",
    number       = "KH/5/V1",
    institution  = "Dansk Datamatik Center",
    month        = "June",
    year         = "1985"}

@techreport{RAISE/DDC/KH/6/V3,
    author       = "Klaus Havelund",
    title        = "Theory Gaps {WP1.2} + Broy's Comments",
    type         = "RAISE Report",
    number       = "KH/6/V3",
    institution  = "Dansk Datamatik Center",
    month        = "September",
    year         = "1985"}

@techreport{RAISE/DDC/KH/6/V4,
    author       = "Klaus Havelund",
    title        = "Theory Gaps oct.\ 85",
    type         = "RAISE Report",
    number       = "KH/6/V4",  
    institution  = "Dansk Datamatik Center",
    month        = "October",
    year         = "1985"}

@techreport{RAISE/DDC/KH/6/V5,
    author       = "Klaus Havelund",
    title        = "Theory Gaps
                    + MIJ : Review Result Summary
                    + Broys Comments
                    + Annotated Copy, M. Broy",
    type         = "RAISE Report",
    number       = "KH/6/V5",
    institution  = "Dansk Datamatik Center",
    month        = "November",
    year         = "1985"}

@techreport{RAISE/DDC/KH/7/V1,
    author       = "Klaus Havelund",
    title        = "Preliminary Report on Structuring of Specifications",
    type         = "RAISE Report",
    number       = "KH/7/V1",
    institution  = "Dansk Datamatik Center",
    month        = "October",
    year         = "1985"} 

@techreport{RAISE/DDC/KH/8/V1,
    author       = "Klaus Havelund",
    title        = "A project Graph (Dok. I af IV)",
    type         = "RAISE Report",
    number       = "KH/8/V1",
    institution  = "Dansk Datamatik Center",
    month        = "January",
    year         = "1985"}

@techreport{RAISE/DDC/KH/9/V1,
    author       = "Klaus Havelund",
    title        = "A Project Epic (Dok. II af IV)",
    type         = "RAISE Report",
    number       = "KH/9/V1",
    institution  = "Dansk Datamatik Center",
    month        = "January",
    year         = "1985"}

@techreport{RAISE/DDC/KH/10/V1,
    author       = "Klaus Havelund",
    title        = "Process vs. Objects (Dok. III af IV)",
    type         = "RAISE Report",
    number       = "KH/10/V1",
    institution  = "Dansk Datamatik Center",
    month        = "January",
    year         = "1985"}

@techreport{RAISE/DDC/KH/11/V1,
    author       = "Klaus Havelund",
    title        = "Contents Listing (Dok. IV af IV)",
    type         = "RAISE Report",
    number       = "KH/11/V1",
    institution  = "Dansk Datamatik Center",
    month        = "January",
    year         = "1985"} 

@techreport{RAISE/DDC/KH/12/V1,
    author       = "Klaus Havelund",
    title        = "Report on {DDC}'s Participation in the {TAPSOFT} 85
                    Conference",
    type         = "RAISE Report",
    number       = "KH/12/V1",
    institution  = "Dansk Datamatik Center",
    month        = "January",
    year         = "1985"}

@techreport{RAISE/DDC/KH/13/V1,
    author       = "Klaus Havelund",
    title        = "(Stepwise Development of a Denotational Stack
                    Semantics (DIKU))",
    type         = "RAISE Report",
    number       = "KH/13/V1",
    institution  = "Dansk Datamatik Center",
    month        = "",
    year         = "1984"}

@techreport{RAISE/DDC/KH/14/V1,  
    author       = "Klaus Havelund",
    title        = "Activity Plan {DK2}: Structuring of Specifications",
    type         = "RAISE Report",
    number       = "KH/14/V1",
    institution  = "Dansk Datamatik Center", 
    month        = "November",
    year         = "1985"}

@techreport{RAISE/DDC/KH/15/V1,
    author       = "Klaus Havelund",
    title        = "{DK2} Activity Report for {November} 1985",
    type         = "RAISE Report",
    number       = "KH/15/V1",
    institution  = "Dansk Datamatik Center",
    month        = "December",
    year         = "1985"}

@techreport{RAISE/DDC/KH/16/V1,
    author       = "Klaus Havelund",
    title        = "A Survey of Structuring Facilities in Selected
                    Specification Languages",
    type         = "RAISE Report",
    number       = "KH/16/V1",
    institution  = "Dansk Datamatik Center",
    month        = "December",
    year         = "1985"}

@techreport{RAISE/DDC/KH/17/V1,
    author       = "Klaus Havelund",
    title        = "{DK2} Activity Report for {December} 1985",
    type         = "RAISE Report",
    number       = "KH/17/V1",
    institution  = "Dansk Datamatik Center",
    month        = "January",
    year         = "1986"}

@techreport{RAISE/DDC/KH/18/V2,
    author       = "Klaus Havelund",
    title        = "Notes on the Structuring Facilities of the {RAISE}
                    Language",
    type         = "RAISE Report",
    number       = "KH/18/V2",
    institution  = "Dansk Datamatik Center",
    month        = "May",
    year         = "1986"}

@techreport{RAISE/DDC/KH/19/V1,
    author       = "Klaus Havelund",
    title        = "A Semantic Language",
    type         = "RAISE Report",
    number       = "KH/19/V1",  
    institution  = "Dansk Datamatik Center",
    month        = "September",
    year         = "1986"}

@techreport{RAISE/DDC/KH/20/V1,
    author       = "Klaus Havelund",
    title        = "Tagging, Sharing and Structure Replacement",
    type         = "RAISE Report",
    number       = "KH/20/V1",
    institution  = "Dansk Datamatik Center",
    month        = "April",
    year         = "1987"}

@techreport{RAISE/DDC/KH/21/V1,
    author       = "Klaus Havelund",
    title        = "{nRSL} (nano {RSL}) Syntax and Semantics",
    type         = "RAISE Report",
    number       = "KH/21/V1",
    institution  = "Dansk Datamatik Center",
    month        = "February",
    year         = "1987"}

@techreport{RAISE/DDC/KH/22/V1,
    author       = "Klaus Havelund",
    title        = "{Type-RSL}: A Subset of Applicative {RSL}",
    type         = "RAISE Report",
    number       = "KH/22/V1",
    institution  = "Dansk Datamatik Center",
    month        = "February",
    year         = "1987"}

@techreport{RAISE/DDC/KH/23/V1,
    author       = "Klaus Havelund",
    title        = "Semantics of Recursive Type Equations",
    type         = "RAISE Report",
    number       = "KH/23/V1",
    institution  = "Dansk Datamatik Center",
    month        = "March",
    year         = "1987"}

@techreport{RAISE/DDC/KH/24/V1,
    author       = "Klaus Havelund",
    title        = "More on Invariants",
    type         = "RAISE Report",
    number       = "KH/24/V1",
    institution  = "Dansk Datamatik Center",
    month        = "April",
    year         = "1987"}

@techreport{RAISE/DDC/KH/25/V1,
    author       = "Klaus Havelund",
    title        = "Comments on the Version 4 {RSL} Syntax",
    type         = "RAISE Report",
    number       = "KH/25/V1",
    institution  = "Dansk Datamatik Center",
    month        = "April",
    year         = "1987"}

@techreport{RAISE/DDC/KH/26/V1,
    author       = "Klaus Havelund",
    title        = "Comments on the Version 5 {RSL} Syntax",
    type         = "RAISE Report",
    number       = "KH/26/V1",
    institution  = "Dansk Datamatik Center",
    month        = "May",
    year         = "1987"}

@techreport{RAISE/DDC/KH/27/V1,
    author       = "Klaus Havelund and Kim R. Wagner",
    title        = "Syntax for Kentrikos",
    type         = "RAISE Report",
    number       = "KH/27/V1",
    institution  = "Dansk Datamatik Center",
    month        = "June",
    year         = "1987"}

@techreport{RAISE/DDC/KH/27/V2,
    author       = "Klaus Havelund and Kim R. Wagner",
    title        = "Syntax for Kentrikos",
    type         = "RAISE Report",
    number       = "KH/27/V2",
    institution  = "Dansk Datamatik Center",
    month        = "June",
    year         = "1987"}

@techreport{RAISE/DDC/KH/27/V3,
    author       = "Klaus Havelund and Kim R. Wagner",
    title        = "Kentrikos",
    type         = "RAISE Report",
    number       = "KH/27/V3",
    institution  = "Dansk Datamatik Center",
    month        = "August",
    year         = "1987"}

@techreport{RAISE/DDC/KH/27/V4,
    author       = "Klaus Havelund and Kim R. Wagner",
    title        = "Kentrikos",
    type         = "RAISE Report",
    number       = "KH/27/V4",
    institution  = "Dansk Datamatik Center",
    month        = "September",
    year         = "1987"}

@techreport{RAISE/DDC/KH/27/V5,
    author       = "Klaus Havelund and Kim R. Wagner",
    title        = "Kentrikos",
    type         = "RAISE Report",
    number       = "KH/27/V5",
    institution  = "Dansk Datamatik Center",
    month        = "October",
    year         = "1987"}

@techreport{RAISE/DDC/KH/28/V1,
    author       = "Klaus Havelund and Kim R. Wagner",
    title        = "The Use of a Consultant in {RAISE}",
    type         = "RAISE Report",
    number       = "KH/28/V1",
    institution  = "Dansk Datamatik Center",
    month        = "June",
    year         = "1987"}

@techreport{RAISE/DDC/KH/29/V1,
    author       = "Klaus Havelund",
    title        = "The {October} 87 Meeting on Kentrikos",
    type         = "RAISE Report",
    number       = "KH/29/V1",
    institution  = "Dansk Datamatik Center",
    month        = "October",
    year         = "1987"}

@techreport{RAISE/DDC/KH/30/V1,
    author       = "Klaus Havelund",
    title        = "Buddy Checking of {RAISE/STC/REM/1/V2}",
    type         = "RAISE Report",
    number       = "KH/30/V1",
    institution  = "Dansk Datamatik Center",
    month        = "December",
    year         = "1987"}

@techreport{RAISE/DDC/KH/31/V1,
    author       = "Klaus Havelund",
    title        = "Semantics of State-based {RSL} Specifications",
    type         = "RAISE Report",
    number       = "KH/31/V1",
    institution  = "Dansk Datamatik Center",
    month        = "January",
    year         = "1988"}

@techreport{RAISE/DDC/KH/32/V1,
    author       = "Klaus Havelund and Kim R. Wagner",
    title        = "Some Possible Explanations of Shared States",
    type         = "RAISE Report",
    number       = "KH/32/V1",
    institution  = "Dansk Datamatik Center",
    month        = "January",
    year         = "1988"}

@techreport{RAISE/DDC/KH/33/V1,
    author       = "Klaus Havelund",
    title        = "Transforming {RSL} Specifications into Flat Kentrikos
                    Specifications",
    type         = "RAISE Report",
    number       = "KH/33/V1",
    institution  = "Dansk Datamatik Center",
    month        = "February",
    year         = "1988"}

@techreport{RAISE/DDC/KH/34/V1,
    author       = "Klaus Havelund",
    title        = "Transformation of While Statements",
    type         = "RAISE Report",
    number       = "KH/34/V1",
    institution  = "Dansk Datamatik Center",
    month        = "February",
    year         = "1988"}

@techreport{RAISE/DDC/KH/36/V1,
    author       = "Klaus Havelund",
    title        = "Two Notions for {RSL}: Structures and Schemas",
    type         = "RAISE Report",
    number       = "KH/36/V1",
    institution  = "Dansk Datamatik Center",
    month        = "October",
    year         = "1988"}

@techreport{RAISE/DDC/KH/38/V2, 
    author       = "Klaus Havelund",
    title        = "Structuring for {RSL}",
    type         = "RAISE Report",
    number       = "KH/38/V2",
    institution  = "Dansk Datamatik Center",
    month        = "January",
    year         = "1989"}

@techreport{RAISE/DDC/KH/38/V3,
    author       = "Klaus Havelund",
    title        = "Structuring for {RSL}",
    type         = "RAISE Report",
    number       = "KH/38/V3",
    institution  = "Dansk Datamatik Center",
    month        = "January",
    year         = "1989"}

@techreport{RAISE/DDC/KH/39/V1,
    author       = "Klaus Havelund",
    title        = "Semantics of {RSL} Modules",
    type         = "RAISE Report",
    number       = "KH/39/V1",
    institution  = "Dansk Datamatik Center",
    month        = "February",
    year         = "1989"}

@techreport{RAISE/DDC/KH/40/V1,
    author       = "Klaus Havelund",
    title        = "Yet More about {RSL} Modules",
    type         = "RAISE Report",
    number       = "KH/40/V1",
    institution  = "Dansk Datamatik Center",
    month        = "February",
    year         = "1989"}

@techreport{RAISE/DDC/KH/41/V5,
    author       = "Klaus Havelund and Robert Milne",
    title        = "Semantics of {RSL$_{2}$}",
    type         = "RAISE Report",
    number       = "KH/41/V5",
    institution  = "Dansk Datamatik Center",
    month        = "May",
    year         = "1989"}

@techreport{RAISE/DDC/KH/42/V1,
    author       = "Klaus Havelund",
    title        = "Comments to {RAISE/DDC/KH/41/V4}",
    type         = "RAISE Report",
    number       = "KH/42/V1",
    institution  = "Dansk Datamatik Center",
    month        = "April",
    year         = "1989"}

@techreport{RAISE/DDC/KH/42/V2,
    author       = "Klaus Havelund",
    title        = "Comments to {RAISE/DDC/KH/41/V5}",
    type         = "RAISE Report",
    number       = "KH/42/V2",
    institution  = "Dansk Datamatik Center",
    month        = "May",
    year         = "1989"}

@techreport{RAISE/DDC/KH/43/V1,
    author       = "Klaus Havelund and Robert Milne",
    title        = "Semantics of {RSL$_{2}$}",
    type         = "RAISE Report",
    number       = "KH/43/V1",
    institution  = "Dansk Datamatik Center",
    month        = "July",
    year         = "1989"}

@techreport{RAISE/DDC/KH/43/V2,
    author       = "Klaus Havelund and Robert Milne",
    title        = "Semantics of {RSL}",
    type         = "RAISE Report",
    number       = "KH/43/V2",
    institution  = "Dansk Datamatik Center",
    month        = "September 13",
    year         = "1989"}

@techreport{RAISE/DDC/KH/44/V1,
    author       = "Klaus Havelund",
    title        = "Comments to {RAISE/DDC/KH/43/V1}",
    type         = "RAISE Report",
    number       = "KH/44/V1",
    institution  = "Dansk Datamatik Center",
    month        = "July",
    year         = "1989"}

@techreport{RAISE/DDC/KH/45/V1,
    author       = "Klaus Havelund",
    title        = "{RSL} Reference Manual",
    type         = "RAISE Report",
    number       = "KH/45/V1",
    institution  = "Dansk Datamatik Center",
    month        = "November",
    year         = "1989"}

@techreport{RAISE/DDC/KH/45/V2,
    author       = "Klaus Havelund",
    title        = "{RSL} Reference Manual",
    type         = "RAISE Report",
    number       = "KH/45/V2",
    institution  = "Dansk Datamatik Center",
    month        = "November",
    year         = "1989"}

@techreport{RAISE/DDC/KH/45/V3,
    author       = "Klaus Havelund and Anne Haxthausen",
    title        = "{RSL} Reference Manual",
    type         = "RAISE Report",
    number       = "KH/45/V3",
    institution  = "CRI A/S",
    month        = "March",
    year         = "1990"}

@techreport{RAISE/DDC/KH/45/V4,
    author       = "Klaus Havelund and Anne Haxthausen",
    title        = "RSL Reference Manual",
    type         = "RAISE Report",
    number       = "KH/45/V4",
    institution  = "CRI A/S",
    month        = "March",
    year         = "1990"}

@techreport{RAISE/DDC/KH/50/V2,
    author       = "Klaus Havelund",
    title        = "An RSL Tutorial",
    type         = "RAISE Report",
    number       = "KH/50/V2",
    institution  = "CRI A/S",
    month        = "March",
    year         = "1990"}

@techreport{RAISE/DDC/KH/51/V2,
    author       = "Klaus Havelund",
    title        = "{Comments on the RSL Tutorial}",
    type         = "RAISE Report",
    number       = "KH/51/V2",
    institution  = "CRI A/S",
    month        = "January",
    year         = "1991",
    note         = "Draft"}

@techreport{RAISE/DDC/KHKRW/1/V1,
    author       = "Klaus Havelund and Kim R. Wagner",
    title        = "Semantics of the {RAISE} {Specification} {Language}",
    type         = "RAISE Report",
    number       = "KHKRW/1/V1",
    institution  = "Dansk Datamatik Center",
    month        = "July",
    year         = "1988"}

@techreport{RAISE/DDC/KHKRW/2/V1,
    author       = "Klaus Havelund and Kim R. Wagner",
    title        = "Listing of Change Request for {RSL}",
    type         = "RAISE Report",
    number       = "KHKRW/2/V1",
    institution  = "Dansk Datamatik Center",
    month        = "September",
    year         = "1988"}

@techreport{RAISE/DDC/KHKRW/2/V2,
    author       = "Klaus Havelund and Kim R. Wagner",
    title        = "Listing of Change Requests for {RSL}",
    type         = "RAISE Report",
    number       = "KHKRW/2/V2",
    institution  = "Dansk Datamatik Center",
    month        = "September",
    year         = "1988"}

@techreport{RAISE/DDC/KHKRW/2/V3,
    author       = "Klaus Havelund and Kim Ritter Wagner and Peter Haff",
    title        = "Listing of Change Requests for {RSL}",
    type         = "RAISE Report",
    number       = "KHKRW/2/V3",
    institution  = "Dansk Datamatik Center",
    month        = "September",
    year         = "1988"}

@techreport{RAISE/DDC/KHKRW/2/V4,
    author       = "Klaus Havelund and Kim Ritter Wagner and Peter Haff",
    title        = "Listing of Change Requests for {RSL}",
    type         = "RAISE Report",
    number       = "KHKRW/2/V4",
    institution  = "Dansk Datamatik Center",
    month        = "October",
    year         = "1988"}

@techreport{RAISE/DDC/KRW/6/V1,
    author       = "Kim R. Wagner and Peter Sestoft and Klaus Havelund",
    title        = "A Note on {$\mu$RSL}",
    type         = "RAISE Report",
    number       = "KRW/6/V1",
    institution  = "Dansk Datamatik Center",
    month        = "January",
    year         = "1987"}

@techreport{RAISE/DDC/KRW/10/V1,
    author       = "Kim R. Wagner and Klaus Havelund",
    title        = "Semantics of the {RAISE} {Specification} {Language}",
    type         = "RAISE Report",
    number       = "KRW/10/V1",
    institution  = "Dansk Datamatik Center",
    month        = "February",
    year         = "1988"}

@techreport{RAISE/DDC/KRW/13/V1,
    author       = "Kim R. Wagner and Klaus Havelund",
    title        = "Semantics of {RSL}",
    type         = "RAISE Report",
    number       = "KRW/13/V1",
    institution  = "Dansk Datamatik Center",
    month        = "February",
    year         = "1988"}

@techreport{RAISE/DDC/KRW/14/V1,
    author       = "Klaus Havelund and Kim R. Wagner",
    title        = "Buddy Checking of {RAISE/STC/CWG/28/V3}",
    type         = "RAISE Report",
    number       = "KRW/14/V1",
    institution  = "Dansk Datamatik Center",
    month        = "March",
    year         = "1988"}

@techreport{RAISE/DDC/LDT/1/V1,
    author       = "Claus {Bendix Nielsen} and Klaus Havelund and Anne
                    Elisabeth Haxthausen and Kim Ritter Wagner",
    title        = "Revision of Structuring",
    type         = "RAISE Report",
    number       = "LDT/1/V1",
    institution  = "Dansk Datamatik Center",
    month        = "October",
    year         = "1988"}

@techreport{RAISE/DDC/LDT/2/V1,
    author       = "Claus {Bendix Nielsen} and Klaus Havelund and Anne
                    Elisabeth Haxthausen and Kim Ritter Wagner",
    title        = "Four Approaches to Sharing and Parameterization",
    type         = "RAISE Report",
    number       = "LDT/2/V1",
    institution  = "Dansk Datamatik Center",
    month        = "October",
    year         = "1988"}

@techreport{RAISE/DDC/LDT/3/V1,
    author       = "Klaus Havelund and Anne Elisabeth Haxthausen and
                    Kim Ritter Wagner",
    title        = "Syntax for {RSL$_2$}",
    type         = "RAISE Report",
    number       = "LDT/3/V1",
    institution  = "Dansk Datamatik Center",
    month        = "January",
    year         = "1989"}

@techreport{RAISE/DDC/LDT/4/V1,
    author       = "Klaus Havelund and {Anne Elisabetth} Haxthausen and Kim
                    Ritter Wagner",
    title        = "Examples in {RSL$_{2}$}",
    type         = "RAISE Report",
    number       = "LDT/4/V1",
    institution  = "Dansk Datamatik Center",
    month        = "January",
    year         = "1989"}

@techreport{RAISE/DDC/LDT/5/V1,
    author       = "Klaus Havelund and {Anne Elisabeth} Haxthausen and Kim
                    Ritter Wagner",
    title        = "Comments on {RSL$_{2}$}",
    type         = "RAISE Report",
    number       = "LDT/5/V1",
    institution  = "Dansk Datamatik Center",
    month        = "January",
    year         = "1989"}

@techreport{RAISE/DDC/MN/18/V1,
    author       = "Mogens Nielsen and C.W. George and K. Havelund and K.R.
                    Wagner",
    title        = "The {RAISE} Method, Language and Tools",
    type         = "RAISE Report",
    number       = "MN/18/V1",
    institution  = "Dansk Datamatik Center",
    month        = "June",
    year         = "1988"}

@techreport{LACOS/CRI/DOC/2/V1,
    author       = "Klaus Havelund and Anne Haxthausen",
    title        = "{{RSL} Reference Manual}",
    number       = "LACOS/\-CRI/\-DOC/\-2/\-V1",
    institution  = "Computer Resources International A/S",
    month        = "August",
    year         = "1990"}

@techreport{LACOS/CRI/DOC/8/V1,
    author       = "Chris George and Peter Haff and Klaus Havelund and 
		    Anne E. Haxthausen and Robert Milne and 
                    Claus Bendix Nielsen and S{\o}ren Prehn and 
                    Kim Ritter Wagner",
    title        = "{The RAISE Specification Language}",
    number       = "LACOS/\-CRI/\-DOC/\-9/\-V1",
    institution  = "Computer Resources International A/S",
    month        = "January",
    year         = "1992"}

@techreport{LACOS/CRI/KH/1/V2,
    author       = "Klaus Havelund",
    title        = "{An RSL Tutorial}",
    number       = "LACOS/\-CRI/\-KH/\-1/\-V2",
    institution  = "Computer Resources International A/S",
    note         = "Same as CRI/\-DOC/\-1/\-V2",    
    month        = "October",
    year         = "1990"}

@techreport{LACOS/CRI/KH/2/V1,
    author       = "Klaus Havelund",
    title        = "{Evaluation of {Centaur} A System for Defining Languages}",
    number       = "LACOS/\-CRI/\-KH/\-2/\-V1",
    institution  = "Computer Resources International A/S",
    month        = "November",
    year         = "1990"}

