@article{fettke2020modelling_WESOAC,
  author    = {Peter Fettke and
               Wolfgang Reisig},
  title     = {Modelling service-oriented systems and cloud services with \textsc{Heraklit}},
  journal   = {CoRR},
  volume    = {abs/2009.14040},
  year      = {2020},
  url       = {https://arxiv.org/abs/2009.14040},
}


@unpublished{fettke2020adder, 
      title={\textsc{Heraklit} case study: adder},
      author={Peter Fettke and Wolfgang Reisig},
      year={2020},
      note = {\textsc{Heraklit} working paper, v1, December 5, 2020, \url{http://www.heraklit.org}}
}

@unpublished{fettke2020service-system,
      title={\textsc{Heraklit} case study: service system},
      author={Peter Fettke and Wolfgang Reisig},
      year={2020},
      note = {\textsc{Heraklit} working paper, v1, November 20, 2020, \url{http://www.heraklit.org}}
}

@unpublished{fettke2020retailer,
      title={\textsc{Heraklit} case study: retailer},
      author={Peter Fettke and Wolfgang Reisig},
      year={2020},
      note = {\textsc{Heraklit} working paper, v1, December 21, 2020, \url{http://www.heraklit.org}}
}

@unpublished{fettke2020parallel_adder,
      title={\textsc{Heraklit} case study: parallel adder},
      author={Peter Fettke and Wolfgang Reisig},
      year={2020},
      note = {\textsc{Heraklit} working paper, v1, December 5, 2020, \url{http://www.heraklit.org}}
}

@unpublished{fettke2020_8-second_hell,
      title={\textsc{Heraklit} case study: 8-second hell},
      author={Peter Fettke and Wolfgang Reisig},
      year={2020},
      note = {\textsc{Heraklit} working paper, v1, December 12, 2020, \url{http://www.heraklit.org}}
}

@unpublished{fettke2020epistemologically,
      title={\textsc{Heraklit} -- epistemologically motivated modeling of computer-integrated systems},
      author={Peter Fettke and Wolfgang Reisig},
      year={2020},
      note = {\textsc{Heraklit} working paper, v1, December 15, 2020, \url{http://www.heraklit.org}}
}



