

!%%%
%%% Dang Van Hung: My proposed notes.bib file
%%%
%%% some entries are from the old unuiist.bib
%%%
%%% other entires are new
%%%
%%% a few typocs have been corrected
%%% 


@techreport{UNUIIST:RAISE,
AUTHOR       = "S{\o}ren Prehn et al.",
TITLE        = "{RAISE OH Foils}",
TYPE         = "OH Foil Lecture Notes",
INSTITUTION  = "{\sf UNU/IIST}",
ORGANIZATION = "International Institute for Software
                Technology, United Nations University",
ADDRESS      = "P.O.Box 3058, Macau",
YEAR         = "1993",
MONTH        = "Oct.\ '92, Nov.\ '92, April '93",
NUMBER       = "",
NOTE         = "
                Lecture notes used for {\sf UNU/IIST} two-week seminars
                in Beijing, Oct. 5--16, 1992, Pune (India), Nov. 24 --
                Dec. 8, 1992, Bangkok, April 19--30, 1993, and
                Hanoi May 10--21, 1993."}

@techreport{UNUIIST:DURCAL,
AUTHOR       = "Zhou Chaochen et al.",
TITLE        = "{Duration Calculus}",
TYPE         = "OH Foil Lecture Notes",
INSTITUTION  = "{\sf UNU/IIST}",
ORGANIZATION = "International Institute for Software
                Technology, United Nations University",
ADDRESS      = "P.O.Box 3058, Macau",
YEAR         = "1992--93",
MONTH        = "Oct.\ '92, Nov.\ '92, April '93",
NUMBER       = "",
NOTE         = "\BREAK\
                Lecture notes used for {\sf UNU/IIST} two-week seminars
                in Beijing, Oct. 5--16, 1992, Pune (India), Nov. 24 --
                Dec. 8, 1992, and Bangkok, April 19--30, 1993."}

@techreport{UNUIIST:VDM,
AUTHOR       = "Dines Bj{\o}rner",
TITLE        = "{Development of Trustworthy Systems}",
TYPE         = "OH Foil Lecture Notes",
INSTITUTION  = "{\sf UNU/IIST}",
ORGANIZATION = "International Institute for Software
                Technology, United Nations University",
ADDRESS      = "P.O.Box 3058, Macau",
YEAR         = "1992--93",
MONTH        = "Feb.\ '92, April '93",
NUMBER       = "",
NOTE         = "
                Lecture notes used for {\sf UNU/IIST} two-week seminars
                in Bombay, Feb. 1992 (IFIP TC2/WG2.2 at TIFR),
                Bangkok, April 19--30, 1993, and Hanoi May 10--21,
1993."}


@techreport{DBKPHL95,
AUTHOR       = "Dines Bj{\o}rner and Karl P.H.Leung",
TITLE        = "{Semantics of Systems --- From Application Domain Analysis to
       Requirements Capture with some Notes on Software Architecture
       --- a Methodology Study}",
INSTITUTION  = "{\sf UNUIIST}",
ORGANIZATION = "International Institute for Software
                Technology, United Nations University",
ADDRESS      = "P.O.Box 3058, Macau",
YEAR         = "1995",
MONTH        = "November",
TYPE         = "Technical Note",
NUMBER       = "",
NOTE         = ""}
   


@techreport{UNUIIST:MIICI,
AUTHOR       = "Jan Goossenaerts",
TITLE        = "{O H Foils}",
TYPE         = "OH Foil Lecture Notes",
INSTITUTION  = "{\sf UNU/IIST}",
ORGANIZATION = "International Institute for Software
                Technology, United Nations University",
ADDRESS      = "P.O.Box 3058, Macau",
YEAR         = "1994",
MONTH        = "Sept.\ '94",
NUMBER       = "",
NOTE         = "
                Lecture notes used for {\sf UNU/IIST} Field Study
                Workshop 
                in Jakarta, Sept. 14--16, 1994."}

@techreport{dvhwi94,
AUTHOR       = "Dang Van Hung and Wang Ji",
TITLE        = "{From Duration Calculus to Automata
                Models of Hybrid Systems}",
TYPE         = "Research Notes",
INSTITUTION  = "{\sf UNU/IIST}",
ORGANIZATION = "International Institute for Software
                Technology, United Nations University",
ADDRESS      = "P.O.Box 3058, Macau",
YEAR         = "1994",
MONTH        = "August.\ '94",
NUMBER       = "",
NOTE         = ""}




@techreport{MultiScript,
AUTHOR       = "Myatav Erdenechimeg and Richard Moore",
TITLE        = "{Multi-Script: Domain Analysis and Requirements
Capture}", 
INSTITUTION  = "UNU/IIST",
TYPE         = "Technical Note",
NUMBER       = "",
ADDRESS      = "P.O. Box 3058, Macau",
MONTH        = "December",
YEAR         = "1995",
NOTE         = ""}

@techreport{ABC'2000:ida,
AUTHOR       = "Dao Nam Anh",
TITLE        = "{Airline Business Computing '2000: Informal
Domain Analysis}",
INSTITUTION  = "UNU/IIST",
TYPE         = "Technical Note",
NUMBER       = "",
ADDRESS      = "P.O. Box 3058, Macau",
MONTH        = "27 November",
YEAR         = "1995",
NOTE         = ""}


@techreport{ABC'2000:fda,
AUTHOR       = "Dao Nam Anh",
TITLE        = "{Airline Business Computing '2000: Formal
Domain Analysis}",
INSTITUTION  = "UNU/IIST",
TYPE         = "Technical Note",
NUMBER       = "",
ADDRESS      = "P.O. Box 3058, Macau",
MONTH        = "27 November",
YEAR         = "1995",
NOTE         = ""}


@techreport{ABC'2000:rc,
AUTHOR       = "Dao Nam Anh",
TITLE        = "{Airline Business Computing '2000: Requirements
Capture}", 
INSTITUTION  = "UNU/IIST",
TYPE         = "Technical Note",
NUMBER       = "",
ADDRESS      = "P.O. Box 3058, Macau",
MONTH        = "27 November",
YEAR         = "1995",
NOTE         = ""}

@techreport{MIICI:ida,
AUTHOR       = "Cleta Milagros Acebedo and Erwin Paguio",
TITLE        = "{MI$^2$CI: Informal Domain Analysis}",
INSTITUTION  = "UNU/IIST",
TYPE         = "Technical Note",
NUMBER       = "RH X",
ADDRESS      = "P.O. Box 3058, Macau",
MONTH        = "23 November",
YEAR         = "1995",
NOTE         = ""}



@techreport{MIICI:rc,
AUTHOR       = "Tomasz Janowski",
TITLE        = "{MI$^2$CI: Requirements Capture}",
INSTITUTION  = "UNU/IIST",
TYPE         = "Technical Note",
NUMBER       = "RH X",
ADDRESS      = "P.O. Box 3058, Macau",
MONTH        = "24 November",
YEAR         = "1995",
NOTE         = ""}

@techreport{MIICI:sa,
AUTHOR       = "Cleta Milagros Acebedo and Erwin Paguio and Tomasz Janowski",
TITLE        = "{MI$^2$CI: Software Architecture}",
INSTITUTION  = "UNU/IIST",
TYPE         = "Technical Note",
NUMBER       = "RH X",
ADDRESS      = "P.O. Box 3058, Macau",
MONTH        = "23 November",
YEAR         = "1995",
NOTE         = ""}

@techreport{MapGen,
AUTHOR       = "Ngo Quoc Tao",
TITLE        = "{Map Generalization}",
INSTITUTION  = "UNU/IIST",
TYPE         = "Technical Note",
NUMBER       = "RH XIV.13",
ADDRESS      = "P.O. Box 3058, Macau",
MONTH        = "",
YEAR         = "1995",
NOTE         = ""}


@techreport{DSSfSD,
AUTHOR       = "Md Rais and Dines Bj{\o}rner and Ngo Quoc Tao",
TITLE        = "{Decision Support Systems for Sustainable
Development: Numerous documents}",
INSTITUTION  = "UNU/IIST",
TYPE         = "Technical \& Administrative Notes",
NUMBER       = "RH XIV",
ADDRESS      = "P.O. Box 3058, Macau",
MONTH        = "",
YEAR         = "1995",
NOTE         = ""}


@TechReport{HongMei,
  author = 	 "Hong Mei",
  title = 	 "{A Generic Concurrent Distributed Architecture}",
  institution =  "{\sf UNU/IIST}",
  organisation = "International Institute for Software
                  Technology, United Nations University",
  address      = "P.O.Box 3058, Macau",
  year = 	 "1995",
  type =	 "Technical Note",
  month =	 "June",
  note = ""
}



@TechReport{LLSYD95,
  author = 	 "Liu Lian Suo and Yang Dong",
  title = 	 "{Train Rescheduling Rules}",
  institution =  "{\sf UNU/IIST}",
  organisation = "International Institute for Software
                  Technology, United Nations University",
  address      = "P.O.Box 3058, Macau",
  year = 	 "1995",
  type =	 "Technical Note",
  month =	 "December"
}




@TechReport{YD95,
  author = 	 "Yang Dong",
  title = 	 "{Basic Specification of PRaCoSy}",
  institution =  "{\sf UNU/IIST}",
  organisation = "International Institute for Software
                  Technology, United Nations University",
  address      = "P.O.Box 3058, Macau",
  year = 	 "1995",
  type =	 "Technical Note",
  month =	 "December",
  note = ""
}



@TechReport{LLS95,
  author = 	 "Liu Lian Suo",
  title = 	 "{PRaCoSy: Data Structures for Phase II}",
  institution =  "{\sf UNU/IIST}",
  organisation = "International Institute for Software
                  Technology, United Nations University",
  address      = "P.O.Box 3058, Macau",
  year = 	 "1995",
  type =	 "Technical Note",
  month =	 "December",
  note = ""
}

@TechReport{DiMulTS95,
  author = 	 "Roderick Durmiendo",
  title = 	 "{Formal Development of a Digital Multiplexed
		  Radio-Telephone System}",
  institution =  "{\sf UNU/IIST}",
  organisation = "International Institute for Software
                  Technology, United Nations University",
  address      = "P.O.Box 3058, Macau",
  year = 	 "1995",
  type =	 "Technical Note",
  month =	 "December",
  note = ""
}

@techreport{lujian,
AUTHOR       = "Lu Jian",
TITLE        = "{A Duration Calculus Proof Assistant for PVS}",
INSTITUTION  = "UNU/IIST",
TYPE         = "Research Note",  
NUMBER       = "",
ADDRESS      = "P.O.Box 3058",
MONTH        = "",
YEAR         = "1995",
NOTE         = ""}


@techreport{DYL95,
AUTHOR       = "Dong Yu Lin",
TITLE        = "{The Formal Development of a Railway Station
Route Management System}",
INSTITUTION  = "University of Macau",
TYPE         = "M.Sc. Thesis",
NUMBER       = "",
ADDRESS      = "Taipa. Macau",
MONTH        = "May",
YEAR         = "1995",
NOTE         = "Available from UNU/IIST"}


@TechReport{JD95a,
  author = 	 "Tomasz Janowski and Dines Bj\o rner",
  title = 	 "{Virtual Library -- 
                  On Refinement Towards an ODP Architecture}",
  institution =  "{\sf UNU/IIST}",
  organisation = "International Institute for Software
                  Technology, United Nations University",
  address      = "P.O.Box 3058, Macau",
  year = 	 "1995",
  type =	 "Research Note",
  month =	 "December"
}


@TechReport{GJM95,
  author = 	 "Chris W. George and Tomasz Janowski and Richard Moore",
  title = 	 "{Domain Analysis for a Budgetary System}",
  institution =  "{\sf UNU/IIST}",
  organisation = "International Institute for Software
                  Technology, United Nations University",
  address      = "P.O.Box 3058, Macau",
  year = 	 "1995",
  type =	 "Technical Note",
  month =	 "October"
}

@techreport{MaGICS,
AUTHOR       = "Achim Schneider and Alex Lai Iat Long and Dines Bj{\o}rner",
TITLE        = "{MaGICS: A Macau General Information and
Command {S}ystem}",
INSTITUTION  = "UNU/IIST",
TYPE         = "Technical Note",
NUMBER       = "",
ADDRESS      = "P.O.Box 3058",
MONTH        = "10 January",
YEAR         = "1995",
NOTE         = ""}


@techreport{YZY1,
AUTHOR       = "Yang Zhen Yu and Lu Jian and Chen ZongJi",
TITLE        = "{A State-Space-based Approach to Acquisition of
I/O-Automata --- A Case Study for the Design of Hybrid Control Systems}",
INSTITUTION  = "UNU/IIST",
TYPE         = "Research Note",
NUMBER       = "",
ADDRESS      = "P.O.Box 3058",
MONTH        = "",
YEAR         = "1995",
NOTE         = ""}


@techreport{YZY2,
AUTHOR       = "Yang Zhen Yu",
TITLE        = "{Application of Stochastic 
Differential Models and
Optimization in Analysis of Stock Investments}",
INSTITUTION  = "UNU/IIST",
TYPE         = "Research Note (Extended Abstract)",
NUMBER       = "",
ADDRESS      = "P.O.Box 3058",
MONTH        = "",
YEAR         = "1995",
NOTE         = ""}



@techreport{YZY3,
AUTHOR       = "Yang Zhen Yu",
TITLE        = "{Hierarchical Control of an Industrial Process --- A
Case Study of Hybrid Control Systems}",
INSTITUTION  = "UNU/IIST",
TYPE         = "Research Note",  
NUMBER       = "",
ADDRESS      = "P.O.Box 3058",
MONTH        = "",
YEAR         = "1995",
NOTE         = ""}

  
@techreport{hwd1,
AUTHOR       = "He Weidong",
TITLE        = "{Optimization in Hybrid Control Systems}",
INSTITUTION  = "UNU/IIST",
TYPE         = "Research Note",  
NUMBER       = "",
ADDRESS      = "P.O.Box 3058",
MONTH        = "",
YEAR         = "1995",
NOTE         = ""}


@techreport{hwd2,
AUTHOR       = "He Weidong and Zhang Minglian",
TITLE        = "{Qualitative Simulation by Reasoning}",
INSTITUTION  = "UNU/IIST",
TYPE         = "Research Note",  
NUMBER       = "",
ADDRESS      = "P.O.Box 3058",
MONTH        = "",
YEAR         = "1995",
NOTE         = ""}


@techreport{hwd3,
AUTHOR       = "He Weidong",
TITLE        = "{Design of Stability in Hybrid Control Systems}",
INSTITUTION  = "UNU/IIST",
TYPE         = "Research Note",  
NUMBER       = "",
ADDRESS      = "P.O.Box 3058",
MONTH        = "",
YEAR         = "1995",
NOTE         = ""}


@techreport{hwd4,
AUTHOR       = "He Weidong and Xu Qiwen",
TITLE        = "{Hierarchical Decision Maker in Hybrid Control Systems}",
INSTITUTION  = "UNU/IIST",
TYPE         = "Research Note",  
NUMBER       = "",
ADDRESS      = "P.O.Box 3058",
MONTH        = "",
YEAR         = "1995",
NOTE         = ""}


@techreport{hwd5,
AUTHOR       = "He Weidong",
TITLE        = "{Optimal Control in Controllable Phase Transition
                Hybrid Control Systems}",
INSTITUTION  = "UNU/IIST",
TYPE         = "Research Note",  
NUMBER       = "",
ADDRESS      = "P.O.Box 3058",
MONTH        = "",
YEAR         = "1995",
NOTE         = ""}

@techreport{InfoDev,
AUTHOR       = "Dines Bj{\o}rner and Chris George and Tomasz Janowski",
TITLE        = "{A Bouquet of {\sl Info\/}{\sf Dev} Project Proposals}",
INSTITUTION  = "UNU/IIST",
TYPE         = "{Administrative Document Collection}",  
NUMBER       = "",
ADDRESS      = "P.O.Box 3058",
MONTH        = "29 September",
YEAR         = "1995",
NOTE         = "RH II.11.4"}

@TechReport{MoFIT:1,
  author = 	 "Chris George",
  title = 	 "{External Debt Management}",
  institution =  "UNU/IIST",
  year = 	 1996,
  number =	 "MoFIT/1",
  address =	 "P.O. Box 3058 Macau",		  
  month =	 "March"
}
		  
@TechReport{MoFIT:2,
  author = 	 "Do Tien Dung and Le Linh Chi and Nguyen Le Thu and
		  Phung Phuong Nam and Tran Mai Lien",
  title = 	 "{A Financial Information System: Domain Analysis:
		  Narrative and Specification}",
  institution =  "UNU/IIST",
  year = 	 1996,
  number =	 "MoFIT/2",
  address =	 "P.O. Box 3058 Macau",
  month =	 "August"
}


@TechReport{MoFIT:3,
  author = 	 "Le Linh Chi and Nguyen Le Thu and Phung Phuong
		  Nam and Tran Mai Lien",
  title = 	 "{Testing the Taxpayer Specification}",
  institution =  "UNU/IIST",
  year = 	 1996,
  number =	 "MoFIT/3",
  address =	 "P.O. Box 3058 Macau",
  month =	 "July"
}

		  
@TechReport{MoFIT:4,
  author = 	 "Le Linh Chi and Nguyen Le Thu ",
  title = 	 "{Tax System Security}",
  institution =  "UNU/IIST",
  year = 	 1996,
  number =	 "MoFIT/4",  
  address =	 "P.O. Box 3058 Macau",
  month =	 "August"
}


@TechReport{MoFIT:5,
  author = 	 "Tran Mail Lien",
  title = 	 "{Tax Policy}",
  institution =  "UNU/IIST",
  year = 	 1996,
  number =	 "MoFIT/5",
  address =	 "P.O. Box 3058 Macau",		 
  month =	 "August"
}


@TechReport{MoFIT:6,
  author = 	 "Phung Phuong Nam",
  title = 	 "{Optimising the Tax System Prototype}",
  institution =  "UNU/IIST",
  year = 	 1996,
  number =	 "MoFIT/6",
  address =	 "P.O. Box 3058 Macau",
  month =	 "September"
}
		  
@TechReport{MoFIT:7,
  author = 	 "Do Tien Dung",
  title = 	 "{Developing the Tax System Specification}",
  institution =  "UNU/IIST",
  year = 	 1996,
  number =	 "MoFIT/7",
  address =	 "P.O. Box 3058 Macau",
  month =	 "October"
}
		  
@TechReport{dvhBPM,
  author = 	 "Dang Van Hung",
  title = 	 "{Formal Verification of Biphase Mark Protocols Using
		  DC Model and PVS/DC}",
  institution =  "UNU/IIST",
  year = 	 1997,
  number =	 "Detfors 1",
  address =	 "P.O. Box 3058 Macau",
  month =	 "April"
}
		  
@TechReport{xqwlym,
  author = 	 "Li Yangmin and Xu Qiwen and Gao Jianping",
  title = 	 "{Formal Design and Verification of a Robot 
		  Trajectory Tracking Algorithm}",
  institution =  "UNU/IIST",
  year = 	 1996,
  number =	 "Detfors 2",
  address =	 "P.O. Box 3058 Macau",
  month =	 "November"
}
		  
@TechReport{xqwsm,
  author = 	 "Swarup K. Mohalik and Xu Qiwen",
  title = 	 "{Compositional Verification in Durational Calculus}",
  institution =  "UNU/IIST",
  year = 	 1996,
  number =	 "Detfors 3",
  address =	 "P.O. Box 3058 Macau",
  month =	 "December"
}
		  
@TechReport{xqwgjp,
  author = 	 "Gao Jianping and Xu Qiwen and Zhou Chaochen",
  title = 	 "{Formal Design and Verification of Algorithms in Fault Tolerant
Flight Control}",
  institution =  "UNU/IIST",
  year = 	 1997,
  number =	 "Detfors 4",
  address =	 "P.O. Box 3058 Macau",
  month =	 "March"
}

@TechReport{phtdvh,
  author = 	 "Pham Hong Thai and Dang Van Hung",
  title = 	 "{Checking a Class of DC Models for Linear Duration Invariants}",
  institution =  "UNU/IIST",
  year = 	 1997,
  number =	 "Detfors 5",
  address =	 "P.O. Box 3058 Macau",
  month =	 "April"
}
		  
		  