
@misc{Frama-C,	
		  Key = "Frame-C",
	Title = {The {Frama-C} Software Analysis
	Framework. \url{http://frama-c.com}.}}

@misc{Scala,
		  Key = "Scala",
	Title = {The {Scala} programming
	language. \url{http://www.scala-lang.org}.} 
}

@misc{Python,
		  Key = "Python",
	Title = {The {Python} programming
	language. \url{http://www.python.org}.} 
}

@misc{Ocaml,
		  Key = "OCaml",
	Title = {The {OCaml} programming language. \url{http://ocaml.org}.}
}

@misc{CML,
		  Key = "CML",
	Title = {The {CML} programming
	language. \url{http://cml.cs.uchicago.edu}.} 
}

@article{JPF1,
  author  = {Klaus Havelund and Tom Pressburger},
  title   = {Model Checking {Java} Programs Using {Java PathFinder}},
  journal = {International Journal on Software Tools for Technology 
            Transfer, STTT},
  volume  = {2},
  number  = {4},
  year    = {2000},
  pages   = {366-381}
}

@article{JPF2,
  author  = {Willem Visser and
               Klaus Havelund and
               Guillaume P. Brat and
               Seungjoon Park and
               Flavio Lerda},
  title   = {Model Checking Programs},
  journal = {Autom. Softw. Eng.},
  volume  = {10},
  number  = {2},
  pages   = {203-232},
  year    = {2003},
  note    = {Tool website: \url{http://javapathfinder.sourceforge.net}}
}

@inproceedings{klaus:CBMC,
  author    = {Clarke, Edmund
               and Kroening, Daniel
               and Lerda, Flavio},
  title     = {A Tool for Checking {ANSI-C} Programs},
  booktitle = {Tools and Algorithms for the 
               Construction and Analysis of Systems (TACAS 2004)},
  publisher = {Springer},
  pages     = {168--176},
  series    = {Lecture Notes in Computer Science},
  volume    = {2988},
  editor    = {Kurt Jensen and Andreas Podelski},
  year      = {2004},
  note      = {Tool website: \url{http://www.cprover.org/cbmc}}
}

@inproceedings{SLAM-SDV,
  author    = {Thomas Ball and
               Byron Cook and
               Vladimir Levin and
               Sriram K. Rajamani},
  title     = {{SLAM} and {Static Driver Verifier}: Technology Transfer of
               Formal Methods inside Microsoft},
  booktitle = {Integrated Formal Methods, 4th International Conference,
               IFM 2004, Canterbury, UK, Proceedings},
  publisher = {Springer},
  pages     = {1-20},
  series    = {Lecture Notes in Computer Science},
  volume    = {2999},
  editor    = {Eerke A. Boiten and John Derrick and Graeme Smith},
  year      = {2004},
  note      = {Tool website:
  \url{http://research.microsoft.com/en-us/projects/slam}} 
}

@article{BLAST,
  author  = {Dirk Beyer and
             Thomas A. Henzinger and
             Ranjit Jhala and
             Rupak Majumdar},
  title   = {The software model checker {Blast}},
  journal = {International Journal on Software Tools for Technology 
            Transfer, STTT},
  volume  = {9},
  number  = {5-6},
  pages   = {505-525},
  year    = {2007},
  note    = {Tool website:
  \url{http://www.sosy-lab.org/~dbeyer/Blast/index-epfl.php}} 
}

@inproceedings{Modex,
  author    = {Gerard J. Holzmann},
  title     = {Logic Verification of {ANSI-C} Code with {SPIN}},
  booktitle = {SPIN Model Checking and Software Verification, 7th International
               SPIN Workshop, Stanford, CA, USA, Proceedings},
  publisher = {Springer},
  series    = {Lecture Notes in Computer Science},
  volume    = {1885},
  editor    = {Klaus Havelund and
               John Penix and
               Willem Visser},
  year      = {2000},
  pages     = {131-147},
  note      = {Tool website: \url{http://spinroot.com/modex}}
}

@phdthesis{AAL,
  author = {Mihai Florian}, 
  title = {Analysis-Aware Design of Embedded Systems Software}, 
  school = {California Institute of Technology, Pasadena, California},
  year = {2013},
  month = {October}
}

@inproceedings{VCC,
  author    = {Ernie Cohen and
               Markus Dahlweid and
               Mark A. Hillebrand and
               Dirk Leinenbach and
               Michal Moskal and
               Thomas Santen and
               Wolfram Schulte and
               Stephan Tobies},
  title     = {{VCC}: A Practical System for Verifying Concurrent {C}},
  booktitle = {Theorem Proving in Higher Order Logics, 22nd International
               Conference, TPHOLs, Munich, Germany, Proceedings},
  publisher = {Springer},
  series    = {Lecture Notes in Computer Science},
  volume    = {5674},
  year      = {2009},
  pages     = {23-42},
  editor    = {Stefan Berghofer and
               Tobias Nipkow and
               Christian Urban and
               Makarius Wenzel},
  note      = {Tool website:
  \url{http://research.microsoft.com/en-us/projects/vcc}}}

@inproceedings{VeriFast,
  author    = {Bart Jacobs and
               Jan Smans and
               Pieter Philippaerts and
               Fr{\'e}d{\'e}ric Vogels and
               Willem Penninckx and
               Frank Piessens},
  title     = {{VeriFast}: A Powerful, Sound, Predictable, Fast Verifier
               for {C} and {Java}},
  booktitle = {NASA Formal Methods - Third International Symposium, NFM, 
               Pasadena, CA, USA, Proceedings},
  publisher = {Springer},
  series    = {Lecture Notes in Computer Science},
  volume    = {6617},             
  editor    = {Mihaela Gheorghiu Bobaru and
               Klaus Havelund and
               Gerard J. Holzmann and
               Rajeev Joshi},
  year      = {2011},
  pages     = {41-55},
  note      = {Tool website:
  \url{http://people.cs.kuleuven.be/~bart.jacobs/verifast}}}

@inproceedings{Dafny,
  author    = {K. Rustan M. Leino},
  title     = {Dafny: An Automatic Program Verifier for Functional Correctness},
  booktitle = {Logic for Programming, Artificial Intelligence, and Reasoning
               - 16th International Conference, LPAR-16, Dakar, Senegal, 
                 Revised selected papers},
  publisher = {Springer},
  series    = {Lecture Notes in Computer Science},
  volume    = {6355},
  editor    = {Edmund M. Clarke and
               Andrei Voronkov},
  year      = {2010},
  pages     = {348-370},
  note      = {{Tool website:
  \url{http://research.microsoft.com/en-us/projects/dafny}}} 
}

@article{EML,
  author  = {Stefan Kahrs and Donald Sannella and Andrzej Tarlecki},
  title   = {The Definition of {E}xtended {ML}: A Gentle Introduction},
  journal = {Theoretical Computer Science},
  volume  = {173},
  pages   = {445--484},
  year    = {1997},
  note    = {{Tool website: \url{http://homepages.inf.ed.ac.uk/dts/eml}}}
}

@phdthesis{ECML,
  author = {Klaus Havelund}, 
  title = {The {Fork Calculus} - Towards a Logic for {Concurrent ML}}, 
  school = {{DIKU}, Department of Computer Science, University of
            Copenhagen, Denmark}, 
  year = {1994}
}

@article{Spec,
  author    = {Mike Barnett and
               Manuel F{\"a}hndrich and
               K. Rustan M. Leino and
               Peter M{\"u}ller and
               Wolfram Schulte and
               Herman Venter},
  title     = {Specification and verification: the {Spec}\# experience},
  journal   = {Commun. ACM},
  volume    = {54},
  number    = {6},
  year      = {2011},
  pages     = {81-91},
  note    = {{Tool website:
            \url{http://research.microsoft.com/en-us/projects/specsharp}}} 
}

@inproceedings{JML,
  author    = {Patrice Chalin and
               Joseph R. Kiniry and
               Gary T. Leavens and
               Erik Poll},
  title     = {Beyond Assertions: Advanced Specification and Verification
               with {JML} and {ESC/Java2}},
  booktitle = {Formal Methods for Components and Objects, 4th International
               Symposium, FMCO 2005, Amsterdam, The Netherlands,
	       Revised lectures}, 
  publisher = {Springer},
  series    = {Lecture Notes in Computer Science},
  volume    = {4111},
  editor    = {Frank S. de Boer and
               Marcello M. Bonsangue and
               Susanne Graf and
               Willem P. de Roever},
  year      = {2006},
  pages     = {342-363},
  note    = {{Tool website:
              \url{http://www.eecs.ucf.edu/~leavens/JML/index.shtml}}} 
}
		  
		  	  	  
@Book{Coq2004,
  author    = "Yves Bertot and Pierre Cast{\'e}ran",
  title     = "{Interactive Theorem Proving and Program
  Development. Coq'Art: The Calculus of Inductive Constructions}", 
  publisher = "Springer",
  year      = "2004",
  series    = "EATCS Series: Texts in Theoretical Computer Science"}
		  

		  %%%%%%%%%%%%%%%%%%%%%%%%%%%%
		  
		  %%%%%%%%%%%%%%%%%%%%%%%%%%%%
		  
		  %%%%%%%%%%%%%%%%%%%%%%%%%%%%
		  
		  %%%%%%%%%%%%%%%%%%%%%%%%%%%%		  
@Book{ACL-2a,
  author    = "Matt Kaufmann and Panagiotis
               Manolios and J Strother Moore",
  title     = "{Computer-Aided Reasoning: An Approach}",
  publisher = "Kluwer Academic Publishers",
  year      = "2000",
  month     = "June"}
	  	  	  
@Book{ACL-2b,
  author    = "Matt Kaufmann and Panagiotis
               Manolios and J Strother Moore",
  title     = "{Computer-Aided Reasoning: ACL2 Case Studies}",
  publisher = "Kluwer Academic Publishers",
  year      = "2000",
  month     = "June"}
			  		  
@inproceedings{PatrickCousot2003,
  author    = "Bruno Blanchet and Patrick Cousot and Radhia Cousot and Jerome
  Feret,       Laurent Mauborgne and Antoine Min{\'e} and David Monniaux
               and Xavier Rival", 
  title     = {A static analyzer for large safety-critical software},
  booktitle = {Programming Language Design and Implementation},
organisation = {ACM},
  year      = {2003 {\vspace*{1mm}}},
  pages     = {196--207}}	 		  
		  
@inproceedings{DBLP:conf/ictac/ZhanWZ13,
  author    = {Naijun Zhan and
               Shuling Wang and
               Hengjun Zhao},
  title     = {Formal Modelling, Analysis and Verification of Hybrid Systems},
  booktitle = {ICTAC Training School on Software Engineering},
  year      = {2013},
  pages     = {207-281}}
		  
@InProceedings{aeh-2000-integration,
  author    = "Anne Elisabeth Haxthausen",
  title     = "{Some Approaches for Integration of Specification
                Techniques}", 
  booktitle = "INT'00 -- Integration of Specification Techniques with 
               Applications in Engineering", 
  year      = "2000",
  address   = "{Technical University of Berlin, Germany}",
  pages     = "33-40",
  publisher = "Dept. of Informatics"}		  
		  

@inbook{aeh-1998-rc+trsl,
title = "{A RAISE Specification Framework and Justification assistant
         for the Duration Calculus}", 
author = "Anne Elisabeth Haxthausen  and Xia Yong",
year = "1998",
chapter = "Saarbr{\"u}cken",
publisher = "Dept of Linguistics, Gothenburg University, Sweden",
booktitle = "Proceedings of 10th ESSLLI"}		  
	  
@InProceedings{aeh-2000-dc+trsl,
  author    = "{Anne Elisabeth} Haxthausen and Xia Yong",
  title     = "{Linking DC together with TRSL}",
  booktitle = "IFM'2000 2nd Int. Conf. on Integrated Formal Methods",
  year      = "2000",
  volume    = "1945",
  series    = "LNCS",
  pages     = "25-44",
  publisher = "Springer"}		  
		  
@InProceedings{nikolajbjorner2014-1,
  author    = "Nikolaj Bj{\o}rner and Ken McMillan and Andrey
               Rybalchenko", 
  title     = "{Higher-order Program Verification as Satisfiability
                Modulo Theories with Algebraic Data-types}", 
  booktitle = "{Higher-Order Program Analysis}",
  year      = "2013",
  month     = "June",
organisation= "Tulane University, New Orleans, USA",
  note      = "http://hopa.cs.rhul.ac.uk/files/proceedings.html"}
		  
@Proceedings{ijsi2009,
  title     = "{Special Double Issue on Formal Methods of Program Development}",
  year      = "2009",
  editor    = "Dines Bj{\o}rner",
  volume    = "3",
  number    = "2--3",
  series    = "{International Journal of Software and Informatics}",
  address   = "Beijing, China",
  publisher = "{Chinese Academy of Sciences}"}
			  
@Article{fmlite1996,
  author    = "Cliff B. Jones and Daniel Jackson and Jeannette Wing",
  title     = "{Lightweight Formal Methods}",
  journal   = "IEEE Computer",
  year      = "1996",
  volume    = "29",
  number    = "4",
  pages     = "20--22",
  month     = "April"}   
	
		  
@InProceedings{fmlite1998,
  author    = "Sten Agerholm and Peter G. Larsen",
  title     = "{A Lightweight Approach to Formal Methods}",
  booktitle = "{International Workshop on Current
Trends in Applied Formal Methods}",
  year      = "1998",
  address   = "Boppard, Germany",
  month     = "October",
  publisher = "Springer"}
	  
@Article{fmp&e2009,
  author    = "J.C.P. Woodcock and P.G. Larsen, J. Bicarregui and
               J. Fitzgerald", 
  title     = "{Formal Methods: Practice and Experience}",
  journal   = "ACM Computing Surveys",
  year      = "2009",
  volume    = "41",
  number    = "4",
  pages     = "19"} 
		  
@Article{manifesto2010,
  author    = "J{\"o}rg Kreiker and Andrzej Tarlecki and
  Moshe Y. Vardi and Reinhard Wilhelm",
  title     = "{Modeling, Analysis, and Verification: The Formal
                Methods Manifesto 2010}",
  journal   = "Informatik-Spektrum",
  year      = "201",
  volume    = "34",
  number    = "4",
  pages     = "413-423",
  month     = "August",
  note      = "{Dagstuhl Perspectives Workshop 10482:\textsl{Formal
  Methods -- Just a Euro-Science\,?}, held from November
  30 to December 3, 2010 at Schloss Dagstuhl, German}"}  
		  
@book{WJPaul2000,
AUTHOR = {A.M. M{\"u}ller and W.J. Paul},
TITLE = "{Computer Architecture, Complexity and Correctness}",
YEAR = {2000},
PUBLISHER = {Springer},
EE = {http://www.springer.com/computer/hardware/book/978-3-540-67481-8},
}

@inproceedings{WJPaul2005,
AUTHOR = {W.J. Paul},
TITLE = "{Towards a Worldwide Verification Technology}",
VOLUME = {4171},
YEAR = {2005},
PAGES = {19-25},
SERIES = {Lecture Notes in Computer Science},
BOOKTITLE = {Verified Software: Theories, Tools, Experiments}, 
PUBLISHER = {Springer},
EDITOR = {Bertrand Meyer and Jim Woodcock}}

@inproceedings{WJPaul2013, 
AUTHOR = {E. Cohen and W.J. Paul and S. Schmaltz},
TITLE = {Theory of Multi Core Hypervisor Verification},
VOLUME = {7741}, 
YEAR = {2013},
PAGES = {1-27}, 
SERIES = {Lecture Notes in Computer Science},
BOOKTITLE = {SOFSEM 2013: Theory and Practice of Computer Science}, 
PUBLISHER = {Springer Berlin Heidelberg},
EDITOR = {Peter van Emde Boas and Frans C. A. Groen and Giuseppe
F. Italiano and Jerzy Nawrocki and Harald Sack}} 
 
		  
@inproceedings{DBLP:conf/ifip/Oest86,
  author    = {Ole N. Oest},
  title     = {VDM From Research to Practice (Invited Paper)},
  booktitle = {IFIP Congress},
  year      = {1986},
  pages     = {527-534},
  bibsource = {DBLP, http://dblp.uni-trier.de}
}
		  
@incollection{idosem10,
  author    = "J. Fitzgerald and J. Bicarregui and Peter Grom Larsen
               and Jim Woodcock",
  title     = "{Industrial Deployment of Formal Methods: Trends and
                 Challenges}",
  chapter = "10",
  pages     = "123--144",
  publisher = "Springer",
  year      = "2013",
  booktitle     = "{Industrial Deployment of System Engineering Methods,
              eds. A. Romanevsky and M. Thomas}"}
	 	  	  
@incollection{idosem15,
  author    = "A. Romanevssy and M. Thomas",
  title     = "{Industrial Software Engineering and Formal Methods}", 
  chapter = "15",
  pages     = "203--210",
  publisher = "Springer",
  year      = "2013",
  booktitle     = "{Industrial Deployment of System Engineering Methods,
              eds. A. Romanevsky and M. Thomas}"}		  
		  
@book{mueller2000computer,
  title={{Computer Architecture: Complexity and Correctness}},
  author={Mueller, Silvia M and Paul, Wolfgang J},
  year={2000},
  publisher={Springer}
}
@article{beyer2006putting,
  title={{Putting it all together--Formal verification of the VAMP}},
  author={Wolfgang J. Paul and Sven Beyer and Christian Jacobi and
  Daniel Kr{\"o}ning and 
   Dirk Leinenbach},
  journal={International Journal on Software Tools for Technology Transfer},
  volume={8},
  number={4-5},
  pages={411--430},
  year={2006},
  publisher={Springer}
}
@InProceedings{LPP05, 
AUTHOR = {W. J. Paul  and D. Leinenbach and E. Petrova},
TITLE = {{Towards the Formal Verification of a C0 Compiler: Code
Generation and Implementation Correctness}}, 
YEAR = {2005},
ADDRESS = {Koblenz, Germany},
URL = {http://www-wjp.cs.uni-saarland.de/publikationen/LPP05.pdf}, 
BOOKTITLE = {3rd International Conference on Software Engineering and
Formal Methods (SEFM 2005)},  
EE = {http://dx.doi.org/10.1109/SEFM.2005.51},
}
@inproceedings{PSS12, 
AUTHOR = {Wolfgang J. Paul and Sabine Schmaltz and Andrey Shadrin},
TITLE = {Completing the Automated Verification of a Small Hypervisor –
Assembler Code Verification}, 
VOLUME = {7504}, 
YEAR = {2012},
PAGES = {188-202}, 
SERIES = {Lecture Notes in Computer Science},
BOOKTITLE = {10th International Conference, SEFM 2012, Thessaloniki,
Greece, October 1-5 (Software Engineering and Formal Methods)},  
PUBLISHER = {Springer Berlin Heidelberg},
EDITOR = {George Eleftherakis and Mike Hinchey and Mike Holcombe },
EE = {http://dx.doi.org/10.1007/978-3-642-33826-7_13},
}		 
@inproceedings{CPS13, 
AUTHOR = {Wolfgang J. Paul and Ernie Cohen and Sabine Schmaltz},
TITLE = {Theory of Multi Core Hypervisor Verification},
VOLUME = {7741}, 
YEAR = {2013},
PAGES = {1-27}, 
SERIES = {Lecture Notes in Computer Science},
BOOKTITLE = {SOFSEM 2013: Theory and Practice of Computer Science}, 
PUBLISHER = {Springer Berlin Heidelberg},
EDITOR = {Peter van Emde Boas and Frans C. A. Groen and Giuseppe
F. Italiano and Jerzy Nawrocki and Harald Sack }, 
EE = {http://dx.doi.org/10.1007/978-3-642-35843-2_1},
}	  

		  
		  %%%%%%%%%%%%%%%%%%%%%%%%%%%%
		  
		  %%%%%%%%%%%%%%%%%%%%%%%%%%%%
		  
		  %%%%%%%%%%%%%%%%%%%%%%%%%%%%
		  
		  %%%%%%%%%%%%%%%%%%%%%%%%%%%%
		  

@Proceedings{xifmall,
  title = 	 "{IFM 1999--2013: Integrated Formal Methods}", 
  editor = 	 "K. Araki and others",
  publisher = "Springer",
  year = "1999--2013",
  series = "{{\small\sf
             \begin{itemize} \item 1st IFM, 1999:
              e-ISBN-13:978-1-1-4471-851-1, 
	     \end{itemize}\rm
              and Lecture Notes in Computer Science vols.:\
	     \footnotesize\small\sf\vspace*{-4mm}
             \begin{multicols}{2}
		  \begin{itemize}
	\item      2nd IFM, 2000: LNCS 1945, 
        \item      3rd IFM, 2002: LNCS 2335,
	\item      4th IFM, 2004: LNCS 2999,
        \item      5th IFM, 2005: LNCS 3771,
	\item      6th IFM, 2007: LNCS 4591,
	\item      7th IFM, 2009: LNCS 5423,
	\item      8th IFM, 2010: LNCS 6396,
        \item      9th IFM, 2012: LNCS 7321 and
        \item      10th IFM, 2013: LNCS 7940.
		  \end{itemize}
\end{multicols}\vspace*{-4mm}}}"}
	  

@PROCEEDINGS{all-vdm+fme,
  TITLE         = {VDM, FME and FM Symposia 1987--2012},
  YEAR          = {1987--2012},
  EDITOR        = {Dines Bj{\o}rner and others},
  SERIES        = {Lecture Notes in Computer Science vols.:
  {{\small\sf
\begin{enumerate}
\item VDM'87: \dbeat{VDM - A Formal Method at Work,} 
      Belgium, 22-25 March 1987,  LNCS 252.
\item VDM'88: \dbeat{VDM - The Way Ahead,}   Ireland, 10-15 September
      1988, LNCS 328;
\item VDM'90: \dbeat{VDM and Z - Formal Methods in Software Development,} 
        Germany, 16-20 April 1990, LNCS ***.		  
\item VDM'91: \dbeat{Formal Software Development Methods,}  The 
      Netherlands, 20 - 24 October 1991, LNCS 551 and 552. 
\item FME'93: \dbeat{First International Symposium of Formal Methods Europe,} 
       Denmark, 18 - 22 March 1993, LNCS 670.		  
\item FME'94: \dbeat{Industrial Benefit of Formal Methods,}  Spain,
      23 - 27 October 1994, LNCS 873;
\item FME'96: \dbeat{Industrial Benefit and Advances in Formal Methods,}
       UK, 17 - 21 March 1996, LNCS 1051;		  
\item FME’97: \dbeat{Industrial Applications and Strengthened Foundations of 
      Formal Methods,}  Austria, 14 - 18 September 1997,
      LNCS 1313;
\item FM’99: \dbeat{Formal Methods,}  France, 19 - 23
      April 1999; LNCS 1708--1709;		  
\item FME 2001: \dbeat{Formal Methods for Increasing Software Productivity,}
      Germany, 11 - 15 March 2001; LNCS 2021;
\item FME 2002: \dbeat{Formal Methods: Getting IT
		  Right}  Denmark, 21 July 2002 - 23 July
		  2002; LNCS 2391; 
\item FME 2003: \dbeat{Formal Methods,}  Italy, 07
		  September 2003 - 13 September 2003; LNCS 2805.
\item FM 2005: \dbeat{13th International Symposium on
		  Formal Methods,}  UK, 17 July 2005 - 21
		  July 2005; LNCS 3582;
\item FM 2006: \dbeat{14th International Symposium on
		  Formal Methods,}  Canada, 21 August 2006 -
		  27 August 2006; LNCS 4085;
\item FM 2008: \dbeat{15th International Symposium on
		  Formal Methods,}  Finland, 26 May 2008 - 30 May
		  2008,  LNCS ****;
\item FM 2009: \dbeat{16th International Symposium on
		  Formal Methods}, The Netherlands, November
		  2 - November 6, 2009,  LNCS ****;
\item FM 2011: \dbeat{Formal Methods Coming of Age,}  Ireland, 20-24
               June, 2011,  LNCS ****
\item FM 2012: \dbeat{18th International Symposium on
		  Formal Methods,} France, 27-31 August, 2012,
		  LNCS ****; 
		  \end{enumerate}}}},
  PUBLISHER     = {Springer}}

			  
@Proceedings{all-icfem,
  author = "ICFEM",
  title = 	 "{International Conferences on Formal
                   Engineering Methods}", 
  year = 	 "1997--2013",
  publisher = "IEEE Computer Society Press and Springer",
  series        = "{{\footnotesize\sf\vspace*{-6mm}
\begin{multicols}{2}
  \begin{enumerate}
  \item 1997: IEEE CS, Nov., Japan;
  \item 1998: IEEE CS, Dec., Australia;
  \item 2000: IEEE CS, Nov., England;
  \item 2002: LNCS 2495, Oct., China; 
  \item 2003: LNCS 2885, Nov., Singapore;  
  \item 2004: LNCS 3308, Nov.,  USA; 
		  
  \item 2005: LNCS 3785, Nov.,  England;  
  \item 2006: LNCS 4260, Nov., Macau; 
  \item 2007: LNCS 4789, Nov.,  USA;
  \item 2008: LNCS 5256, Oct.,  Japan;
  \item 2009: LNCS 5885, Dec.,  Brazil;
  \item 2010: LNCS 6447, Nov.,  China; 
  \item 2013: LNCS 8144, Oct.--Nov., New Zealand. 
  \end{enumerate}
\end{multicols}}}"}
	