                       
@Book{sk1960,
  author    = "S{\o}ren Krarup",
  title     = "{Karald Nielsen og hans Tid}",
  publisher = "Gyldendal",
  year      = "1960"}
                         
@Book{sk1961,
  author    = "S{\o}ren Krarup",
  title     = "{H{\o}rups Arv og Arvtagere}",
  publisher = "Gyldendal",
  year      = "1961"}
                         
@Book{sk1968,
  author    = "S{\o}ren Krarup",
  title     = "{Demokratisme. En kritik}",
  publisher = "Gyldendal",
  year      = "1968"}
                         
@Book{sk1969a,
  author    = "S{\o}ren Krarup",
  title     = "{Om at ofre sig for Menneskeheden og ofre Menneskene}",
  publisher = "Gyldendal",
  year      = "1969"}
                         
@Book{sk1969b,
  author    = "S{\o}ren Krarup",
  title     = "{Den Hellige Hensigt. Til belysning af indiktrineringen
  i Danmark}",
  publisher = "Stig Vendelk{\ae}rs Forlag",
  year      = "1969"}
                         
@Book{sk1971a,
  author    = "S{\o}ren Krarup",
  title     = "{Pr{\ae}stens Pr{\ae}diken - og andre foredrag}",
  publisher = "Gyldendal",
  year      = "1971"}
                         
@Book{sk1971b,
  author    = "S{\o}ren Krarup",
  title     = "{At v{\ae}re eller ikke v{\ae}re}.",
  publisher = "Forlaget Mikro",
  year      = "1971"}
                     
@Book{sk1972,
  author    = "S{\o}ren Krarup",
  title     = "{Danmark i hundred {\aa}r -- fra efterkrigstid til
  efterkrigstid}", 
  publisher = "Tidehvervs Forlag",
  year      = "1972"}
                               
@Book{sk1973,
  author    = "S{\o}ren Krarup",
  title     = "{Den danske Dagligdag. Brudstykker af et opg{\o}r}",
  publisher = "Stig Vendelk{\ae}rs Forlag",
  year      = "1973"}
                         
@Book{sk1974,
  author    = "S{\o}ren Krarup",
  title     = "{F{\ae}dreland og Folkestyre. En kritik af Danmarks
  nyere historie}",
  publisher = "Gyldendal",
  year      = "1974"}
                         
@Book{sk1976,
  author    = "S{\o}ren Krarup",
  title     = "{Selvbesindelse}",
  publisher = "Gyldendal",
  year      = "1976"}
                         
@Book{sk1977,
  author    = "S{\o}ren Krarup",
  title     = "{Forsvar for Familien}",
  publisher = "Gyldendal",
  year      = "1977"}
        
@Book{sk1979b,
  author    = "S{\o}ren Krarup",
  title     = "{Den Politiske Syge}",
  publisher = "Gyldendal",
  year      = "1979"}
                         
@Book{sk1979a,
  author    = "S{\o}ren Krarup",
  title     = "{Verden Var -- Erindring og refleksion}",
  publisher = "Lindhardt og Ringhoff",
  year      = "1979"}
                                   
@Book{sk1980,
  author    = "S{\o}ren Krarup",
  title     = "{Loven}",
  publisher = "Lindhardt og Ringhof",
  year      = "1980"}
                         
@Book{sk1982,
  author    = "S{\o}ren Krarup",
  title     = "{Fordringen}",
  publisher = "Lindhardt og Ringhof",
  year      = "1982"}
                         
@Book{sk1984,
  author    = "S{\o}ren Krarup",
  title     = "{Det moderne Sammenbrud. 1789 -- 1984}",
  publisher = "Gyldendal",
  year      = "1984"}
                         
@Book{sk1985,
  author    = "S{\o}ren Krarup",
  title     = "{Begrebet Anst{\ae}ndighed -- udkast til en Kristen Etik}",
  publisher = "Gad",
  year      = "1985"}
                         
@Book{sk1986,
  author    = "S{\o}ren Krarup",
  title     = "{I Virkeligheden}",
  publisher = "",
  year      = "1986"}
                         
@Book{sk1987,
  author    = "S{\o}ren Krarup",
  title     = "{En M{\aa}ned i Efter{\aa}ret. Rapport fra en borgerkrig}",
  publisher = "Tidehvervs Forlag",
  year      = "1987"}
                         
@Book{sk1987,
  author    = "S{\o}ren Krarup",
  title     = "{De Tavse Flertal. Konservative Essays}",
  publisher = "Tidehvervs Forlag",
  year      = "1987"}
                        
@Book{sk1990,
  author    = "S{\o}ren Krarup",
  title     = "{Synd Tappert}",
  publisher = "",
  year      = "1990"}
                        
@Book{sk1993,
  author    = "S{\o}ren Krarup",
  title     = "{Dansk Kultur. Et tv{\ae}rsnit af 200 {\aa}rs
  {\aa}ndshistorie med portr{\ae}tter af skels{\ae}ttende
  repr{\ae}sentanter for vor national kultur. En bog om hvad det vil
  sige at v{\ae}re dansk.}",
  publisher = "Spektrum",
  year      = "1993"}
                        
@Book{sk1994,
  author    = "S{\o}ren Krarup",
  title     = "{Den danske N{\o}dvendghed. Om et offentligt Danmark,
  some intet har l{\ae}rt og intet glemt efter murens og socialismens fald}",
  publisher = "Spektrum",
  year      = "1994"}
                        
@Book{sk1995,
  author    = "S{\o}ren Krarup",
  title     = "{Den kristne Tro -- Katekismus for Voksne}",
  publisher = "Spektrum",
  year      = "1995"}
                      
@Book{sk1998,
  author    = "S{\o}ren Krarup",
  title     = "{I min Levetd. 60 {\aa}rs Danmarkshistorie}",
  publisher = "Spektrum",
  year      = "1998"}
                     
@Book{sk2000,
  author    = "S{\o}ren Krarup",
  title     = "{Dansen om Menneskerettighederne}",
  publisher = "Gyldendal",
  year      = "2000"}
                        
@Book{sk2001,
  author    = "S{\o}ren Krarup",
  title     = "{Kristendom og danskhed -- Pr{\ae}dikener og foredrag}",
  publisher = "Hovedland",
  year      = "2001"}
                       
@Book{sk2003,
  author    = "S{\o}ren Pind  and S{\o}ren Krarup",
  title     = "{K{\ae}re S{\o}ren, en brevveksling om det nye Danmarks kurs}",
  publisher = "Aschehoug",
  year      = "2003"}
                  
@Book{sk2006,
  author    = "S{\o}ren Krarup",
  title     = "{Systemskiftet}",
  publisher = "Gyldendal",
  year      = "2006"}
     