


@Book{ImmanuelKant,
  author = 	 "Immanuel Kant",
  title = 	 "{Prolegomena to Any Future Metaphysics: That Will Be Able to Come Forward as Science}",
  publisher = 	 "Cambridge University Press",
  year = 	 "2004",
  note = 	 "Editors: Gary Hatfield, Karl Ameriks and Desmond M.\ Clarke",
  series = 	 "{Cambridge Texts in the History of Philosophy}"}

@Book{Dawkins,
  author = 	 "Richard Dawkins",
  title = 	 "\textsl{The Extended Phenotype}",
  publisher = 	 "Oxford Uniersity Press",
  year = 	 "1982"}

@Book{Kant1787,
  author    = "Immanuel Kant",
  title     = "{Critique of Pure Reason}",
  publisher = "{Penguin Books Ltd}",
  year      = "2007 (1787)"}
 
@Book{Einstein,
  author = 	 "Albert Einstein",
  title = 	 "{Philosopher-Scientist}",
  publisher = 	 "{The Library of Living Philosophers}",
  year = 	 "1999",
  month = 	 "September 20",
  note = 	 "{Translated and edited by Paul Arthur Schilpp}",
  volume = 	 "VII"}

@InCollection{Witt-Hansen,
  author = 	 "Johannes Witt-Hansen",
  title = 	 "{\textsl{Om generalisation og generalisationsproblemer i de matematiske og
  historiske videnskaber} [\textsl{On generalisation and problems of
  generalisation in the mathematical and historical sciences}]}",
  booktitle = "The 1963 Copenhagen University Festschrift",
  publisher = "Copenhagen University, Denmark",
  year = 	 "1963"}

@Book{Kuhn,
  author = 	 "Thomas S. Kuhn",
  title = 	 "{The Structure of Scientific Revolutions}",
  publisher = 	 "University of Chicago Press",
  year = 	 "1962"}

@Book{Zinkernagel,
  author = 	 "Peter Zinkernagel",
  title = 	 "\textsl{Virkelighed} [\textsl{Reality}]",
  publisher = 	 "Munksgaard",
  year = 	 "1988"}
  
@Book{Favrholdt,
  author = 	 "David Favrholdt",
  title = 	 "\textsl{Filosofisk Codex}",
  publisher = 	 "Gyldendal",
  year = 	 "1999"}

@Article{kaisorlanderCritique,
  author = 	 "Kai S{\o}rlander",
  title = 	 "\textsl{Er konservatismen rationel\,?} [\textsl{Is
  conservatism rational\,?}]",
  journal = 	 "Critique",
  volume = 	 "2",
  year = 	 "2010",
  OPTmonth = 	 "December 2"}

@Book{Huntington,
  author = 	 "Samuel Huntington",
  title = 	 "{The Clash of Civilizations and the Remaking of World Order}",
  publisher = 	 "Touchstone",
  year = 	 "1998"}

@misc{sorlander-emails,
  AUTHOR =  "Kai S{\o}rlander",
  TITLE  =  "{E-mail replies to Dines Bj{\o}rner}",
  YEAR   =  "\vspace*{-4mm}\begin{multicols}{2}	  
 Sun, 10 Jun 2018, 12:07;\\
              Sat, 16 Jun 2018, 14:04;\\
              Sat, 9 Feb 2019, 13:28;\\	  
	      Fri 22 Feb 2019, 12:16;\\ 
              Sun, 4 Aug 2019, 12:16;\\
	      Sun, 8 Sep 2019, 13:02
\end{multicols}"}

@BOOK{kaisorlander2022,
  AUTHOR        = "Kai S{\o}rlander",
  TITLE         = "{Den rene fornufts struktur [The Structure of Pure Reason]}",
  PUBLISHER     = "Ellek{\ae}r", NOTE = "See \cite{kaisorlander2023}",
  ADDRESS       = "Slagelse, Denmark",
  YEAR          = "2022"}

@BOOK{kaisorlander2023,
  AUTHOR        = "Kai S{\o}rlander",
  TITLE         = "{The Structure of Pure Reason}",
  PUBLISHER     = "Publisher to be decided",
  NOTE          =  "{This is an English translation of
  \cite{kaisorlander2022} -- done by Dines Bj{\o}rner in collaboration
  with the author}",
  YEAR          = "2023"}
  
@BOOK{kaisorlander2016,
  AUTHOR        = "Kai S{\o}rlander",
  TITLE         = "{Indf{\o}ring i Filosofien [Introduction to The Philosophy]}",
  PUBLISHER     = "Informations Forlag",
  ADDRESS       = "Copenhagen, Denmark",
  YEAR          = "2016",
  NOTE          = "233 pages"}
 
@BOOK{kaisorlander2014,
  AUTHOR        = "Kai S{\o}rlander",
  TITLE         = "{Fornuftens Sk{\ae}bne -- Tanker om Menneskets Vilk{\aa}r}",
  PUBLISHER     = "Informations Forlag",
  ADDRESS       = "Copenhagen, Denmark",
  YEAR          = "2014",
  NOTE          = "238 pages"}
 
@BOOK{kaisorlander2011,
  AUTHOR        = "Kai S{\o}rlander",
  TITLE         = "{Den Politiske Forpligtelse -- Det Filosofsike
  Fundament for Demokratisk Stillingtagen}",
  PUBLISHER     = "Informations Forlag",
  YEAR          = "2011",
  NOTE          = "280 pages"}
 
@BOOK{kaisorlander2008,
  AUTHOR        = "Kai S{\o}rlander",
  TITLE         = "{Forsvaret for Rationaliteten}",
  PUBLISHER     = "Informations Forlag",
  ADDRESS       = "Copenhagen, Denmark",
  YEAR          = "2008",
  NOTE          = "232 pages"}
 
@BOOK{kaisorlander2002,
  AUTHOR        = "Kai S{\o}rlander",
  TITLE         = "{Den Endegyldige Sandhed [The Final Truth]}",
  PUBLISHER     = "Rosinante",
  ADDRESS       = "Copenhagen, Denmark",
  YEAR          = "2002",
  NOTE          = "187 pages"}
 
@BOOK{kaisorlander2000,
  AUTHOR        = "Kai S{\o}rlander",
  TITLE         = "{Om Menneskerettigheder}",
  PUBLISHER     = "Rosinante",
  ADDRESS       = "Copenhagen, Denmark",
  YEAR          = "2000",
  NOTE          = "171 pages"}
 
@BOOK{kaisorlander1997,
  AUTHOR        = "Kai S{\o}rlander",
  TITLE         = "{Under Evighedens Synsvinkel [Under the viewpoint of eternity]}",
  PUBLISHER     = "Munksgaard $\cdot$ Rosinante",
  ADDRESS       = "Copenhagen, Denmark",
  YEAR          = "1997",
  NOTE          = "200 pages"}
 
@BOOK{kaisorlander1994,
  AUTHOR        = "Kai S{\o}rlander",
  TITLE         = "{Det Uomg{\ae}ngelige -- Filosofiske Deduktioner
                    [The Inevitable -- Philosophical Deductions, with a
		    foreword by Georg Henrik von Wright]}",
  PUBLISHER     = "Munksgaard $\cdot$ Rosinante",
  ADDRESS       = "Copenhagen, Denmark",
  YEAR          = "1994",
  NOTE          = "168 pages"}
 