	  
@Book{de+re09,
  author = 	 "Dines Bj{\o}rner",
  title = 	 "{From Domains to Requirements: The Triptych Approach
                   to Software Engineering}", 
  publisher = 	 "Submitted to Springer for evaluation in 2009",
  year = 	 "Summer 2009",
  note = 	 "Slightly incomplete draft version, approximately XXVII+160+25
                  pages (frontmatter, main text, appendices). See 
                  http://www.imm.dtu/\~{}db/de+re-p.pdf"} 
	  
@Book{jaist-mono-landin,
  author = 	 "Dines Bj{\o}rner",
  title = 	 "{Domain Engineering: Technology Management, Research
  and Engineering}",
  publisher = 	 "JAIST Press",
  year = 	 "March 2009",
  note = 	 "{JAIST Research Monograph \#4, 536 pages:
  http://www2.imm.dtu.dk/\~{}db/jaistmono.pdf}"} 
		 		  
  
@Book{TheSEBook1,
  author = 	 "Dines Bj{\o}rner",
  title = 	 "{Software Engineering, Vol.~1: Abstraction and
		  Modelling}",
  publisher = 	 "Springer",
  year = 	 "2006",
  series = "Texts in Theoretical Computer Science, the EATCS Series", 
  OPTnote = 	 ""} 
	  	  
@Book{TheSEBook2,
  author = 	 "Dines Bj{\o}rner",
  title = 	 "{Software Engineering, Vol.~2: Specification of Systems and
		  Languages}",
  publisher = 	 "Springer",
  year = 	 "2006",
  series = "Texts in Theoretical Computer Science, the EATCS Series",
  note = "{Chapters 12--14 are primarily authored by Christian Krog Madsen}",
  OPTnote = 	 ""} 
	  	  
@Book{TheSEBook3,
  author = 	 "Dines Bj{\o}rner",
  title = 	 "{Software Engineering, Vol.~3: Domains, Requirements and
		  Software Design}",
  publisher = 	 "Springer",
  year = 	 "2006",
  series = "Texts in Theoretical Computer Science, the EATCS Series", 
  OPTnote = 	 ""} 
	  
@InProceedings{dines:wpderoever:2008,
  author    = "Dines Bj{\o}rner and Aser Eir",
  title     = "{Compositionality: Ontology  and
    Mereology of Domains. Some Clarifying Observations in the Context of
    Software Engineering}",
  booktitle = "{Festschrift for Prof. Willem Paul de Roever
		  (Eds. Martin Steffen, Dennis Dams and Ulrich
		  Hannemann}", 
  year      = "2008",
  volume    = "[not known at time of submission of the current paper]",
  series    = "Lecture Notes in Computer Science (eds.\ Martin Steffen,
		  Dennis Dams and Ulrich Hannemann)",
  pages     = "1--12",
  address   = "Heidelberg",
  month     = "July",
  publisher = "Springer",
  note      = ""}

@InProceedings{dines:ugo65:2008,
  author    = "Dines Bj{\o}rner",
  title     = "{From Domains to Requirements}",
  booktitle = "{Montanari Festschrift}",
  year      = "2008",
  volume    = "5065",
  series    = "Lecture Notes in Computer Science (eds.\ 
Pierpaolo Degano, Rocco De Nicola and Jos{\'e} Meseguer)",
  pages     = "1--30",
  address   = "Heidelberg",
  month     = "May",
  publisher = "Springer",
  note      = ""}
		
@InProceedings{dines:ictac:2007,
  author    = "Dines Bj{\o}rner",
  title     = "{Domain Theory: Practice and Theories, Discussion of
		  Possible Research Topics}",
  booktitle = "{ICTAC'2007}",
  year      = "2007",
  volume    = "4701",
  series    = "Lecture Notes in Computer Science (eds.\ J.C.P.\
		  Woodcock et al.)",
  pages     = "1--17",
  address   = "Heidelberg",
  month     = "September",
  publisher = "Springer",
  note      = ""}
		
@InProceedings{dines:hoare:2009,
  author    = "Dines Bj{\o}rner",
  title     = "{On Mereologies in Computing Science:
      Syntax and Semantics ---
          A Divertimento}",
  booktitle = "{Festschrift for Tony Hoare}",
  publisher = "Springer",
  year      = "2009",
  series    = "Festschrifts in Computer Science, the BCS FAC Series
		  (eds.\ Bill Roscoe and Cliff Jones)",
  address   = "London, UK"}
		  	  		  
@ARTICLE{Lan64,
  KEY           = "Landin 64",
  AUTHOR        = "Peter J. Landin",
  TITLE         = "{The Mechanical Evaluation of Expressions}",
  JOURNAL       = "Computer Journal",
  YEAR          = "1964",
  VOLUME        = "6",
  NUMBER        = "4",
  PAGES         = "308-320",
  ANNOTE        = ""}


@ARTICLE{Lan65a,
  KEY           = "Landin 65a",
  AUTHOR        = "Peter J. Landin",
  TITLE         = "{A Correspondence Between {A}LGOL 60 and {C}hurch's
                   Lambda-Notation (in 2 parts)}",
  JOURNAL       = CACM,
  YEAR          = "1965",
  MONTH         = "Feb.-March",
  VOLUME        = "8",
  NUMBER        = "2-3",
  PAGES         = "89-101 and 158-165",
  ANNOTE        = ""}

@TECHREPORT{Lan65b,
  KEY           = "Landin 65b",
  AUTHOR        = "Peter J. Landin",
  TITLE         = "{Getting Rid of Labels}",
  INSTITUTION   = "Univac Sys. Prgr. Res. Grp., N.Y.",
  YEAR          = "1965",
  ANNOTE        = ""}

@TECHREPORT{Lan65c,  
  KEY           = "Landin 65c",
  AUTHOR        = "Peter J. Landin",
  TITLE         = "{A Generalization of Jumps and Labels}",
  INSTITUTION   = "Univac Sys. Prgr. Res. Grp., N.Y.",
  YEAR          = "1965",
  ANNOTE        = ""}

@TECHREPORT{Lan65d,
  KEY           = "Landin 65d",
  AUTHOR        = "Peter J. Landin",
  TITLE         = "{An Analysis of Assignment in Programming Languages}",
  INSTITUTION   = "Univac Sys. Prgr. Res. Grp., N.Y.",
  YEAR          = "1965",
  ANNOTE        = ""}

@ARTICLE{Lan66a, 
  KEY           = "Landin 66a",
  AUTHOR        = "Peter J. Landin",
  TITLE         = "{The Next 700 Programming Languages}",
  JOURNAL       = CACM,
  YEAR          = "1966",
  VOLUME        = "9",
  NUMBER        = "3",
  PAGES         = "157-166",
  ANNOTE        = ""}

@INCOLLECTION{Lan66b, 
  KEY           = "Landin 66b",
  AUTHOR        = "Peter J. Landin",
  TITLE         = "{A Lambda Calculus Approach}",
  BOOKTITLE     = "Advances in Programming and Non-Numeric Computations",
  EDITOR        = "L. Fox",
  PAGES         = "97-141",
  PUBLISHER     = "Pergamon Press",
  YEAR          = "1966",
  ANNOTE        = ""}

@INPROCEEDINGS{Lan66c, 
  KEY           = "Landin 66c",
  AUTHOR        = "Peter J. Landin",
  TITLE         = "{A Formal Description of {A}LGOL 60}",
  BOOKTITLE     = "\cite{Ste66}",
  YEAR          = "1966",
  PAGES         = "266-294",
  ANNOTE        = ""}

@ARTICLE{Lan72,
  KEY           = "Landin 72",
  AUTHOR        = "Peter J. Landin and R.M. Burstall",
  TITLE         = "{Programs and their Proofs: An Algebraic Approach}",
  JOURNAL       = MI,
  YEAR          = "1972",
  VOLUME       = "4",
  ANNOTE        = ""}
