	  
@inproceedings{,
  author        = "",
  title         = "{}",
  booktitle     = "{}",
  series        = "",
  year          = "",
  volume        = "",
  month         = "",
  organization  = "",
  publisher     = "",
  pages         = "",
  OPTnote       = ""} 
	  
@inbook{,
  author        = "",
  title         = "{}",
  chapter       = "{}",
  pages         = "",
  publisher     = "",
  year          = "",
  series        = "",
  type          = "",
  address       = "",
  edition       = "",
  month         = "",
  OPTnote       = ""} 
		  
@proceedings{,
  title         = "{}",
  year          = "",
  editor        = "",
  volume        = "",
  series        = "",
  address       = "",
  month         = "",
  organization  = "",
  publisher     = "",
  OPTnote       = ""} 
	  
@book{,
  author        = "",
  title         = "{}",
  year          = "",
  volume        = "",
  series        = "",
  publisher     = "",
  OPTnote       = ""} 
	  
@article{,
  author        = "",
  title         = "{}",
  journal       = "",
  volume        = "",
  number        = "",
  month         = "",
  year          = "",
  pages         = "",
  OPTnote       = ""} 

  
@techreport{,
  author      =  "",
  title       =  "{}",
  institution = "",
  year        = "",
  type        = "",
  number      = "",
  month       = "",
  address     = "",
  OPTnote     = ""} 
	  
@phthesis{,
  author      =  "",
  title       =  "{}",
  school      = "",
  year        = "",
  type        = "",
  address     = "",
  month       = "",
  OPTnote     = ""} 
	  
@manual{,
  TITLE        = "{}",
  AUTHOR       = "",
  ORGANIZATION = "",
  ADDRESS      = "",
  EDITION      = "",
  MONTH        = "",
  YEAR         = "",
  OPTNOTE      = "{}"
}
  
	