
@BOOK{K.Apt.1997a,
        AUTHOR    = "Krzysztof R. Apt and Ernst-R{\"u}diger Olderog",
        TITLE     = "{Verification of Sequential and Concurrent Programs}",
        PUBLISHER = "Springer-Verlag, Graduate Texts in Computer Science",
        YEAR      = "1997",
        NOTE      = "xviii + 364 pages"}

@BOOK{K.Apt.1997b,
        AUTHOR    = "Krzysztof R. Apt",
        TITLE     = "{From Logic Programming to Prolog}",
        PUBLISHER = "Prentice Hall, International Series in Computer Science",
        YEAR      = "1997",
        NOTE      = "viii + 328 pages"}

	
@BOOK{K.Apt.2003,
        KEY       = "KRAptPoCP",
        AUTHOR    = "Krzysztof R. Apt",
        TITLE     = "{Principles of Constraint Programming}",
        PUBLISHER = "Cambridge University Press",
        YEAR      = "August 2003",
        NOTE      = "ISBN 0521825830"}

		  
@BOOK{KRApt2003,
  KEY           = "KRAptPoCP",
  AUTHOR        = "Krzysztof R. Apt",
  TITLE         = "{Principles of Constraint Programing}",
  PUBLISHER     = "Cambridge University Press",
  YEAR          = "2003",
  ANNOTE        = ""}


@BOOK{Boolos89,
        TITLE     = "{Computability and Logic}",
        AUTHOR    = "George S. Boolos and Richard C. Jeffrey", 
        PUBLISHER = "Cambridge University Press",
        YEAR      = "September 29, 1989",
        NOTE      = "3rd Edition"}
		  

@BOOK{Nerode97,
        TITLE     = "{Logic for Applications}",
        AUTHOR    = "Anil Nerode and Richard Shore", 
        PUBLISHER = "Springer--Verlag",
        YEAR      = "February 1, 1997",
        NOTE      = ""}

@BOOK{Hodges77,
        TITLE     = "{Logic}",
        AUTHOR    = "Wilfried Hodges", 
        PUBLISHER = "Penguin Books",
        YEAR      = "June 30, 1977",
        NOTE      = ""}

@BOOK{Suppes64,
        TITLE     = "{A First Course in Mathematical Logic}",
        AUTHOR    = "Patrick R. Suppes and Shirley Hill", 
        PUBLISHER = "Dover Publications",
        YEAR      = "July 1, 2002",
        NOTE      = "Reprint of the Blaisdell Publishing Company's
		  1964 edition."}
		  
		  
@BOOK{Quine51,
        TITLE     = "{Mathematical Logic}",
        AUTHOR    = "Willard {van Orman Quine}", 
        PUBLISHER = "Harvard University Press",
        YEAR      = "January 1951 + March 1, 1979",
        NOTE      = ""}

@BOOK{EMendelsohn64,
        TITLE     = "{Introduction to Mathematical Logic}",
        AUTHOR    = "Elliot Mendelsohn", EDITION = "4th",
        PUBLISHER = "Lewis Publishers, International Thomson
		  Publishing", 
        YEAR      = "June 1, 1997",
        NOTE      = "440 pp. This is a reprint of the Van Nostrand Reinhold
		  June 1964 edition"}

@BOOK{Kleene52,
  KEY           = "Kleene 52",
  AUTHOR        = "Stephen Cole Kleene",
  TITLE         = "{Introduction to Meta-Mathematics}",
  PUBLISHER     = "Van Nostrand, New York and Toronto",
  YEAR          = "1952",
  ANNOTE        = "The classical, seminal 
                    work on Meta--Mathematics"}

@BOOK{Kleene67,
        TITLE     = "{Mathematical Logic}",
        AUTHOR    = "Stephen Cole Kleene",
        PUBLISHER = "Dover Publications, Dover Edition",
        YEAR      = "December 1, 2002",
        NOTE      = "Originally published in 1967 by John Wiley \&
		  Sons, Publ., New York, NY, USA"}

@BOOK{Schoenfeld67,
        TITLE     = "{Mathematical Logic}",
        AUTHOR    = "Joseph R. Schoenfeld",
        PUBLISHER = "A.K. Peters Publ.",
        YEAR      = "January 15, 2001",
        NOTE      = "Originally published in 1967 by Addison--Wesley,
		      USA"} 

	
		  
@ARTICLE{Newell1982,
  AUTHOR        = "A. Newell",
  TITLE         = "{The Knowledge Level}",
  JOURNAL       = "Artificial Intelligence",
  YEAR          = "1982",
  VOLUME        = "18",
  NUMNER = "1",
  ANNOTE        = ""}

  
@InProceedings{Levesque1984,
  author = 	 "H. J. Levesque",
  title = "A logic of implicit and explicit belief",
  BOOKTITLE     = "Proceedings of the Fourth National Conference on
		  Artificial Intelligence",
  PUBLISHER     = "AAAI",
  YEAR          = "1984"}
  
@BOOK{Michaelson89,
        KEY     =       "Michaelson",
        TITLE   =       "{Introduction to Functional Programming
                        through Lambda-Calculus}",
        AUTHOR  =       "G. Michaelson",
        PUBLISHER       =       "Addison-Wesley",
        YEAR    =       "1989",
        ANNOTE  =       ""}

@ARTICLE{Plo75,
  KEY           = "Plotkin 75",
  AUTHOR        = "Gordon D. Plotkin",
  TITLE         = "{Call-by-{N}ame, 
                   {C}all-by-{V}alue and the Lambda Calculus}",
  JOURNAL       = "Theoretical Computer Science",
  YEAR          = "1975",
  VOLUME        = "1",
  PAGES         = "125-159",
  ANNOTE        = ""}


@TECHREPORT{Berr81,
  KEY           = "Berry.G",
  AUTHOR        = "G. Berry",
  TITLE         = "{Some Syntactic and 
                    Categorical-Constructions 
                    of Lambda  Calculus Models}",
  INSTITUTION   = "INRIA",
  ADDRESS       = "Sophia Antipolis",
  YEAR          = "1981",
  TYPE          = "Report No.",
  NUMBER        = "80",
  ANNOTE        = ""}

@UNPUBLISHED{Ev72,
  KEY           = "Evans 72",
  AUTHOR        = "A. {Evans Jr.}",
  TITLE         = "{The Lambda-Calculus and its 
                    Relation to Programming Languages}",
  NOTE          = "Unpubl. Notes, MIT",
  YEAR          = "1972",
  ANNOTE        = ""}

@ARTICLE{Kleene36,
  KEY           = "Kleene 36",
  AUTHOR        = "Stephen Cole  Kleene",
  TITLE         = "Lambda-definability and recursiveness",
  JOURNAL       = "Duke Math. J.",
  YEAR          = "1936",
  VOLUME        = "2",
  PAGES         = "340--53",
  ANNOTE        = ""}

@BOOK{Chu56,
  KEY           = "Church 56",
  AUTHOR        = "A. Church",
  TITLE         = "{Introduction to Mathematical Logic}",
  PUBLISHER     = "The Princeton University Press",
  ADDRESS       = "Princeton, New Jersey, USA",
  YEAR          = "1956",
  NOTE        = "Reprint Edition, October 28, 1996, ISBN 0691029067"}

@BOOK{Chu51,
  KEY           = "Church 51",
  AUTHOR        = "A. Church",
  TITLE         = "{The Calculi of Lambda-Conversion}",
  PUBLISHER     = "The Princeton University Press",
  ADDRESS       = "Princeton, New Jersey, USA",
  YEAR          = "1941",
  VOLUME        = "6",
  SERIES        = "Annals of Mathematical Studies",
  ANNOTE        = ""}

@BOOK{Church41,
  KEY           = "Church 41",
  AUTHOR        = "A. Church",
  TITLE         = "{The Calculi of Lambda-Conversion}",
  PUBLISHER     = "The Princeton University Press",
  ADDRESS       = "Princeton, New Jersey, USA",
  YEAR          = "1941",
  VOLUME        = "6",
  SERIES        = "Annals of Mathematical Studies",
  ANNOTE        = ""}

@BOOK{Boh75,
  KEY           = "Bohm 75",
  AUTHOR        = "C. B{\"o}hm",
  TITLE         = "{Lambda-Calculus 
                    and Computer Science Theory}",
  PUBLISHER     = S-V,
  YEAR          = "1975",
  VOLUME        = "37",
  SERIES        = LNCS,
  ANNOTE        = ""}

@BOOK{Baren81,
  KEY           = "Barendregt 81",
author =       "H.~P. Barendregt",
  TITLE         = "{The Lambda Caculus --- Its Syntax and 
                    Semantics}",
  PUBLISHER     = N-H,
  YEAR          = "1981",
  ANNOTE        = ""}

@ARTICLE{Baren84,
  KEY           = "Barendregt 84",
author =       "H.~P. Barendregt",
  TITLE         = "{Introduction to Lambda Calculus}",
  JOURNAL       = "Niew Archief Voor Wis\-kunde",
  YEAR          = "1984",
  VOLUME        = "4",
  PAGES         = "337-372",
  ANNOTE        = ""}

@Book{Barendregt91,
author =       "H.~P. Barendregt",
title =        { The Lambda Calculus },
publisher =    { North-Holland },
year =         { 1991 },
number =       { 103 },
series =       { Studies in Logic and the Foundations of Mathematics},
address =      { Amsterdam },
edition =      { revised },
ISBN =         { 0-444-87508-5 },
}

@INCOLLECTION{Baren77,
  KEY           = "Barendregt 77",
author =       "H.~P. Barendregt",
  TITLE         = "{The Type Free Lambda Calculus}",
  BOOKTITLE     = "\cite{Barwise77a}",
  PAGES         = "1091-1132",
  PUBLISHER     = N-H,
  YEAR          = "1977",
  ANNOTE        = ""}

@INCOLLECTION{Baren90,
  KEY           = "Barendregt 90",
author =       "H.~P. Barendregt",
  TITLE         = "{Functional Programming 
                    and Lambda Calculus}",
  BOOKTITLE     = "\cite{handbook-tcs-AB} --- vol.B.",
  EDITOR        = "J.v. Leeuwen",
  PAGES         = "321--363",
  PUBLISHER     = N-H,
  YEAR          = "1990",
  ANNOTE        = ""}

@INPROCEEDINGS{Sco75,
  KEY           = "Scott 75",
  AUTHOR        = "D.S. Scott",
  TITLE         = "{$\lambda$-Calculus and 
                    Computer Science Theory}",
  BOOKTITLE     = "Lecture Notes in Computer Science, Vol. 37",
  EDITOR        = "C. B{\"o}hm",
  ORGANIZATION  = "Symp. Proc.",
  PUBLISHER     = S-V,
  YEAR          = "1975",
  ANNOTE        = ""}

@BOOK{Hin72,
  KEY           = "Hindley 72",
  AUTHOR        = "J.~R. Hindley and B. Lercher and J.~P. Seldin",
  TITLE         = "{Introduction to Combinatory Logic}",
  PUBLISHER     = "Cambridge University Press",
  YEAR          = "1972",
  ANNOTE        = ""}

@BOOK{Hin87,
  KEY           = "Hindley 87",
  AUTHOR        = "J.~R. Hindley and J.~P. Seldin",
  TITLE         = "{Introduction to Combinators and 
                    $\lambda$-Calculus}",
  PUBLISHER     = "Cambridge University Press",
  SERIES        = "London Mathematical Society, Student Texts",
  VOLUME        = "1",
  YEAR          = "1986",
  ANNOTE        = ""}

@BOOK{BoyerMoore,
        TITLE   =       "{A Computational Logic Handbook}",
        AUTHOR  =       "Robert S. Boyer and J Strother Moore",
        PUBLISHER =     "Academic Press",
        YEAR    =       "1997",
        EDITION = "Second",
        ANNOTE  =       ""}

@BOOK{Cutland,
  KEY           = "Cutland 89",
  AUTHOR        = "N.J. Cutland",
  TITLE         = "{Computability: An introduction to recursive
                   function theory}",
  PUBLISHER     = "Cambridge University Press",
  YEAR          = "1989",
  ANNOTE        = ""}


@BOOK{Cur68,
  KEY           = "Curry 68",
  AUTHOR        = "H.~B. Curry and R. Feys",
  TITLE         = "{Combinatory Logic {I}}",
  PUBLISHER     = N-H,
  YEAR          = "1968",
  ANNOTE        = ""}

@BOOK{Cur72,
  KEY           = "Curry 72",
  AUTHOR        = "H.~B. Curry and J.~R. Hindley and J.~P. Seldin",
  TITLE         = "{Combinatory Logic {II}}",
  PUBLISHER     = N-H,
  YEAR          = "1972",
  ANNOTE        = ""}

@Book{OUHiMLfLPaAI1,
  title = 	 "{Logical Foundations}",
  publisher = 	 "Oxford Science Publications, Clarendon Press",
  year = 	 "1993",
  OPTkey = 	 "",
  editor = 	 "Dov M. Gabbay and C.~J. Hogger
                  and J.~A. Robinson and D. Nute",
  volume = 	 "1",
  address = 	 "Oxford, England",
  series = 	 "Handbook of Logic in  Artificial 
                  Intelligence and Logic Programming",
  OPTedition = 	 "",
  OPTmonth = 	 "",
  OPTtype = 	 "",
  OPTnote = 	 "",
  OPTannote = 	 ""}

@Book{OUHiMLfLPaAI2,
  title = 	 "{Deduction Methodologies}",
  publisher = 	 "Oxford Science Publications, Clarendon Press",
  year = 	 "1993",
  OPTkey = 	 "",
  editor = 	 "Dov M. Gabbay and C.~J. Hogger
                  and J.~A. Robinson and D. Nute",
  volume = 	 "2",
  address = 	 "Oxford, England",
  series = 	 "Handbook of Logic in Artificial 
                  Intelligence and Logic Programming",
  OPTedition = 	 "",
  OPTmonth = 	 "",
  OPTtype = 	 "",
  OPTnote = 	 "",
  OPTannote = 	 ""}

@Book{OUHiMLfLPaAI3,
  title = 	 "{Nonmonotonic Reasoning and 
Uncertain Reasoning}",
  publisher = 	 "Oxford Science Publications, Clarendon Press",
  year = 	 "1994",
  OPTkey = 	 "",
  editor = 	 "Dov M. Gabbay and C.~J. Hogger
                  and J.~A. Robinson and D. Nute",
  volume = 	 "3",
  address = 	 "Oxford, England",
  series = 	 "Handbook of Logic in Artificial 
                  Intelligence and Logic Programming",
  OPTedition = 	 "",
  OPTmonth = 	 "",
  OPTtype = 	 "",
  OPTnote = 	 "",
  OPTannote = 	 ""}

@Book{OUHiMLfLPaAI4,
  title = 	 "{Epistemic and Temporal Reasoning}",
  publisher = 	 "Oxford Science Publications, Clarendon Press",
  year = 	 "1995",
  OPTkey = 	 "",
  editor = 	 "Dov M. Gabbay and C.~J. Hogger
                  and J.~A. Robinson and D. Nute",
  volume = 	 "4",
  address = 	 "Oxford, England",
  series = 	 "Handbook of Logic in  Artificial 
                  Intelligence and Logic Programming",
  OPTedition = 	 "",
  OPTmonth = 	 "",
  OPTtype = 	 "",
  OPTnote = 	 "",
  OPTannote = 	 ""}

@InProceedings{JFN:AlgLogic93,
  author = 	 "J{\o}rgen Fischer Nilsson",
  title = 	 "{An Algebraic Logic for Concept Structures}",
  booktitle = 	 "{Information Modelling and Knowledge 
          Bases}",
  OPTcrossref =  "",
  OPTkey = 	 "",
  editor = 	 "H. Jaakkola et al.",
  OPTvolume = 	 "V",
  OPTnumber = 	 "",
  OPTseries = 	 "",
  year = 	 "1993",
  OPTorganization = "",
  publisher = "IOS Press",
  address = 	 "Amsterdam, The Netherlands",
  OPTmonth = 	 "",
  OPTpages = 	 "",
  OPTnote = 	 "",
  OPTannote = 	 ""
}

@InProceedings{JFN:ACVoCS95,
  author = 	 "J{\o}rgen Fischer Nilsson and Jari
                  Palom{\"a}ki",
  title = 	 "{A Categorical View on Concept Structures}",
  booktitle = 	 "{Information Modelling and Knowledge 
          Bases}",
  OPTcrossref =  "",
  OPTkey = 	 "",
  editor = 	 "H. Kangassolo et al.",
  OPTvolume = 	 "VI",
  OPTnumber = 	 "",
  OPTseries = 	 "",
  year = 	 "1995",
  OPTorganization = "",
  publisher = "IOS Press",
  address = 	 "Amsterdam, The Netherlands",
  OPTmonth = 	 "",
  pages = 	 "Chapter 16, 239--256",
  OPTnote = 	 "",
  OPTannote = 	 ""
}

@InProceedings{JFN:ObjLogic96,
  author = 	 "J{\o}rgen Fischer Nilsson",
  title = 	 "{Object Logic for Conceptual
                   Modelling --- with a Medical
                   Domain as Case Study}",
  booktitle = 	 "{Information Modelling and Knowledge 
          Bases}",
  OPTcrossref =  "",
  OPTkey = 	 "",
  editor = 	 "Y. Tanaka et al.",
  OPTvolume = 	 "VII",
  OPTnumber = 	 "",
  OPTseries = 	 "",
  year = 	 "1996",
  OPTorganization = "",
  publisher = "IOS Press",
  address = 	 "Amsterdam, The Netherlands",
  OPTmonth = 	 "",
  pages = 	 "330--343",
  OPTnote = 	 "",
  OPTannote = 	 ""
}


@InProceedings{CarlGunther97,
  author = 	 "Carl Gunther",
  title = 	 "{Higher Order Logics in Requirements
                   Engineering}",
  booktitle = 	 "{Requirements Targeting Software (Systems)
                   Engineering}",
  OPTcrossref =  "",
  OPTkey = 	 "",
  editor = 	 "Manfred Broy",
  OPTvolume = 	 "",
  OPTnumber = 	 "",
  OPTseries = 	 "",
  year = 	 "1997",
  OPTorganization = "",
  OPTpublisher = "",
  OPTaddress = 	 "",
  OPTmonth = 	 "",
  OPTpages = 	 "",
  OPTnote = 	 "",
  annote = 	 "Proceedings of an October 12--14, 1997
                  Workshop held at Bernried am Staarnberger See,
                  Bavaria, Germany, Sponsored by the US Office
                  of Army Researhc"
}


@ARTICLE{Abd75,
  KEY           = "Abdali 75",
  AUTHOR        = "S.~K. Abdali",
  TITLE         = "{A Lambda-Calculus Model of 
Programming Languages ---
  Jumps and Functions}",
  JOURNAL       = "J. of Comp. Languages",
  YEAR          = "1975",
  VOLUME        = "1",
  PAGES         = "303-320",
  ANNOTE        = ""}

@Book{rhilpinin70,
  editor = 	 "Risto Hilpinin",
  title = 	 "{Deontic Logic: Introductory and Systematic Readings}",
  publisher = 	 "Dordrecht",
  year = 	 "1970",
  OPTseries = 	 "",
  address = 	 "The Netherlands",
  OPTedition = 	 "",
  note = 	 "See Dagfinn F{\o}llesdal's survey of Standard
                  Denotic Logic"}

@Book{rhilpinin81,
  editor = 	 "Risto Hilpinin",
  title = 	 "{New Studies in Deontic Logic: Norms, Actions and
                  the Foundations of Ethics}",
  publisher = 	 "Dordrecht",
  year = 	 "1981",
  OPTseries = 	 "",
  address = 	 "The Netherlands",
  OPTedition = 	 "",
  OPTnote = 	 ""}

@InCollection{l-aaqvist87,
  author = 	 "Lennart {\AA}qvist",
  title = 	 "{Introduction to Deontic Logic and the Theory of
                  Normative Systems}",
  booktitle = 	 "{Handbook of Philosophical Logic}",
  volume = 	 "{II}",
  publisher = 	 "Dordrecht",
  year = 	 "1987",
  editor = 	 "D. Gabbay and F.Guenthers",
  OPTseries = 	 "",
  OPTaddress = 	 "The Netherlands",
  OPTedition = 	 "",
  OPTnote = 	 ""}

@Book{castaneda75,
  author = 	 "Casta{\~n}eda",
  title = 	 "{Thinking and Doing}",
  publisher = 	 "???",
  year = 	 "1975",
  OPTseries = 	 "",
  OPTaddress = 	 "",
  OPTedition = 	 "",
  OPTnote = 	 ""}

@Book{hintikka62,
  author = 	 "Jaakko Hintikka",
  title = 	 "{Knowledge and Belief: An Introduction to the Logic
		  of the Two Notions}", 
  publisher = 	 "Cornell University Press",
  year = 	 "1962",
  address = 	 "Ithaca, N.Y., USA",
  month = 	 "June",
  note = 	 "ASIN 0801401879",
  OPTannote = 	 ""
}

