

% Automatic generated BIB file
% Subjects:'RAISE' 
% Source:dan.bib
%G RAISE APPLI
@INPROCEEDINGS{Alapide&93a,
  KEY           = "Alapide\&93",
  AUTHOR        = "A. Alapide and M. Cinnella and P. La Vopa",
  TITLE         = "Automatic {G}eneration of {A}da {C}ode with
                    {RAISE} {F}ormal {M}ethod",
  BOOKTITLE     = "Proceedings of Ada in AEROSPACE '92",
  YEAR          = "1993",
  PUBLISHER     = "EUROSPACE"}

%G RAISE 
@INPROCEEDINGS{Alapide&93b,
  KEY           = "Alapide\&93",
  AUTHOR        = "A. Alapide and M. Cinnella and P. La Vopa",
  TITLE         = "The {V}iability of {A}pplying {RAISE} to {A}da
                   {P}rojects in {C}ompetitive {B}id {C}ompanies",
  BOOKTITLE     = "Proceedings of Ada in AEROSPACE '92",
  YEAR          = "1993",
  PUBLISHER     = "EUROSPACE"}

%
%G VDM RAISE MISC
@TECHREPORT{Bjorner&85,
  KEY           = "Bj{\o}rner\&85",
  AUTHOR        = "D.Bj{\o}rner, T.Denvir, E.Meiling, J.S.Pedersen",
  TITLE         = "The RAISE Project Fundamental Issues and Requirements",
  INSTITUTION   = "Dansk Datamatik Center",
  YEAR          = "1985",
  NUMBER        = "RAISE/DDC/EM/1/V6", 
  ANNOTE        = "",
  COMMENT       = ""}

%G METPROJ RAISE
@TECHREPORT{Bjorner88,
  KEY           = "Bj\o{}rner\&88",
  AUTHOR        = "D. Bj\o{}rner, T. Denvir, E. Meiling and J.S. Pedersen",
  TITLE         = "{Preliminary Definition of the RAISE Specification Language}",
  INSTITUTION   = "Dansk Datamatik Center",
  YEAR          = "1988",
  MONTH         = "February",
  NUMBER        = "RAISE/\-DDC/\-JJ/\-14/\-V6",
  ANNOTE        = "",
  COMMENT       = "Bought. OBL."}

%G RAISE VDM MISC
@ARTICLE{Bjorner&92,    
  KEY           = "Bj{\o}rner\&92",
  AUTHOR        = "D. Bj{\o}rner and A. Haxthausen and K. Havelund",
  TITLE         = "Formal, {M}odel-oriented {S}oftware 
                   {D}evelopment {M}ethods  ---
                   {F}rom {VDM} to {ProCoS} \& from {RAISE} to {LaCoS}", 
  JOURNAL       = "Future Generation Computer Systems",
  YEAR          = "1991/92",
  NUMBER        = "7"}              

%G RAISE
@INPROCEEDINGS{Bolignano&92,
  KEY           = "Bolignano\&92",
  AUTHOR        = "D. Bolignano and M. Debabi",
  TITLE         = "Higher {O}rder {C}ommunicating {P}rocesses with
                   {V}alue-passing, {A}ssignment and {R}eturn of {R}esults",
  BOOKTITLE     = "Proceedings of ISAAC '92",
  YEAR          = "1992",
  PUBLISHER     = "Springer-Verlag",
  VOLUME        = "650",
  SERIES        = "Lecture Notes in Computer Science"}

%G RAISE
@INPROCEEDINGS{Bolignano&93a,  
  KEY           = "Bolignano\&93",
  AUTHOR        = "D. Bolignano and M. Debabi",
  TITLE         = "Vers une Semantique des Langages Parall\`eles, 
                   Fonctionnels avec des Extensions Imp\'eratives",
  BOOKTITLE     = "Actes des Journ\'ees Francophones des Langages
                   Applicatifs, JFLA '93",
  PUBLISHER     = "INRIA",
  YEAR          = "1993",
  NOTE          = "(In French)"}

%G RAISE
@INPROCEEDINGS{Bolignano&93b,
  KEY           = "Bolignano\&93",
  AUTHOR        = "D. Bolignano and M. Debabi",
  TITLE         = "A {D}enotational {M}odel for the {I}ntegration of
                    {C}oncurrent, {F}unctional and {I}mperative {P}rogramming",
  BOOKTITLE     = "Proceedings of ICCI '93",
  MONTH         = "May",
  YEAR          = "1993",
  PUBLISHER     = "IEEE"}

%G RAISE
@INPROCEEDINGS{Bolignano&93c,
  KEY           = "Bolignano\&93",
  AUTHOR        = "D. Bolignano and M. Debabi",
  TITLE         = "A {C}oherent {T}ype {I}nference {S}ystem for a
                   {C}oncurrent, {F}unctional and {I}mperative 
                   {P}rogramming {L}anguage",
  BOOKTITLE     = "Proceedings of AMAST '93",
  YEAR          = "1993",
  PUBLISHER     = "Springer-Verlag"}

%G RAISE
@INPROCEEDINGS{Bolignano&93d,
  KEY           = "Bolignano\&93",
  AUTHOR        = "D. Bolignano and M. Debabi",
  TITLE         = "On the {S}emantic {F}oundations of {RSL}: a
                  {C}oncurrent, {F}unctional and {I}mperative 
                  {S}pecification {L}anguage",
  BOOKTITLE     = "Proceedings of FORTE '93",
  YEAR          = "1993",
  PUBLISHER     = "Boston University"}

%G VDM90 RAISE
@MISC{Brock&90,
  KEY           = "Brock\&90",
  AUTHOR        = "Simon Brock and Chris George",
  TITLE         = "{RAISE Method Manual}",
  YEAR          = "1990",
  MONTH         = "April",
  HOWPUBLISHED  = "VDM '90 Tutorial",
  SIZE          = "262",
  ANNOTE        = "",
  COMMENT       = "I have received a nice copy of this manual at the VDM '90
                   symposium but I have not yet read it (PGL)."}

%G RAISE TOOL
@MANUAL{Bruun&91b,
  KEY           = "Bruun\&91",
  AUTHOR        = "Peter Michael Bruun, Bent Dandanell, Jesper G\o{}tz, 
                   Peter Haastrup, S\o{}ren Prehn, Henrik Snog and Eld Zierau",
  TITLE         = "{RAISE Tools User Guide Release 1.2}",
  YEAR          = "1991",
  MONTH         = "February",
  SIZE          = "209",
  ANNOTE        = "",
  COMMENT       = "DP (PGL has a copy)"}

%G VDM91 RAISE APPLI
@INPROCEEDINGS{Chalmers&91,
  KEY           = "Chalmers\&91",
  AUTHOR        = "D.L.\ Chalmers, B.\ Dandanell, J.\ G\o{}rtz, 
                   J.S.\ Pedersen and E.\ Zierau",
  TITLE         = "{Using RAISE -- First Impressions from the LaCoS
                    Applications}",
  BOOKTITLE     = "{VDM '91: Formal Software Development Methods}",
  PUBLISHER     = "Springer-Verlag",
  YEAR          = "1991",
  MONTH         = "October",
  PAGES         = "645--657",
  ANNOTE        = "",
  COMMENT       = "I have the entire proceedings. PGL"}

%G RAISE
@INPROCEEDINGS{Dandanell91,
  KEY           = "Dandanell91",
  AUTHOR        = "B. Dandanell",
  TITLE         = "Rigorous {D}evelopment using {RAISE}",
  BOOKTITLE     = "Proceedings of SIGSOFT '91",
  YEAR          = "1991",
  PUBLISHER     = "ACM"}

%G RAISE
@INPROCEEDINGS{Dandanell92,
  KEY           = "Dandanell92",
  AUTHOR        = "B. Dandanell",
  TITLE         = "Fast and {R}igorous {P}rototyping in {A}da",
  BOOKTITLE     = "Proceedings of Ada in AEROSPACE '91",
  YEAR          = "1992",
  PUBLISHER     = "EUROSPACE"}

%G RAISE
@INPROCEEDINGS{Dandanell&91,
  KEY           = "Dandanell\&91",
  AUTHOR        = "B.D. Holdt-J{\o}rgensen and S. Prehn",
  TITLE         = "Using {F}ormal {M}ethods for {D}eveloping 
                    {C}ritical {P}rograms in {A}da",
  BOOKTITLE     = "Proceedings of  Ada in AEROSPACE '90",
  YEAR          = "1991",
  PUBLISHER     = "EUROSPACE"}

%G FME93 RAISE
@INPROCEEDINGS{Dandanell&93,
  KEY           = "Dandanell\&93",
  AUTHOR        = "Bent Dandanell, Jesper G{\o}rtz, Jan Storbank Pedersen,
                   \& Eld Zierau",
  EDITOR        = "J.C.P.\ Woodcock and P.G.\ Larsen",
  TITLE         = "Experiences from Applications of RAISE",
  BOOKTITLE     = "FME'93: Industrial-Strength Formal Methods",
  ORGANIZATION  = "Formal Methods Europe",
  PUBLISHER     = "Springer-Verlag",
  ADDRESS       = "",
  YEAR          = "1993",
  MONTH         = "April",
  PAGES         = "52--63",
  SIZE          = "12",
  NOTE          = "Lecture Notes in Computer Science 670",
  ANNOTE        = "",
  COMMENT       = ""}

%G FME94 RAISE
@INPROCEEDINGS{Erasmy&94,
  KEY           = "Erasmy\&94",
  AUTHOR        = "Francois Erasmy, Emil Sekerinski",
  EDITOR        = "M. Naftalin, T. Denvir, M. Bertran",
  TITLE         = "Stepwise Refinement of Control Software - A Case
                  Study Using RAISE",
  BOOKTITLE     = "FME'94: Industrial Benefit of Formal Methods",
  PUBLISHER     = "Springer-Verlag",
  YEAR          = "1994",
  MONTH         = "October",
  PAGES         = "547-566",
  ANNOTE        = "",
  COMMENT       = "PGL has got the proceedings. ADN"}

%G RAISE
@INCOLLECTION{Erasmy&95,
  KEY           = "Erasmy\&95",
  AUTHOR        = "F. Erasmy and E. Sekerinsky",
  TITLE         = "{RAISE}",
  BOOKTITLE     = "Formal Development of Reactive Systems: Case Study
                   Production Cell",
  PUBLISHER     = "Springer-Verlag",
  YEAR          = "1995",
  VOLUME        = "891",
  SERIES        = "Lecture Notes in Computer Science"}

%G RAISE 
@TECHREPORT{Eriksen&91,
  KEY           = "Eriksen\&91",
  AUTHOR        = "Kirsten E.\ Eriksen and S\o{}ren Prehn",
  TITLE         = "{RAISE Overview}",
  INSTITUTION   = "CRI",
  YEAR          = "1991",
  MONTH         = "October",
  SIZE          = "38",
  ANNOTE        = "",
  COMMENT       = "BIB. PGM"}

%G METPROJ RAISE
@TECHREPORT{George88,
  KEY           = "George88",
  AUTHOR        = "C.W. George",
  TITLE         = "{Practical aspects of development}",
  INSTITUTION   = "Dansk Datamatik Center",
  YEAR          = "1988",
  MONTH         = "April",
  NUMBER        = "RAISE/\-STC/\-CWG/\-28/V4",
  ANNOTE        = "",
  COMMENT       = "Bought. OBL."}

%G VDM91 RAISE
@MISC{George91,
  KEY           = "George91",
  AUTHOR        = "Chris George",
  TITLE         = "{The RAISE Specification Language; A Tutorial}",
  YEAR          = "1991",
  MONTH         = "October",
  HOWPUBLISHED  = "Lecture Notes in Computer Science, Vol 552",
  SIZE          = "82",
  ANNOTE        = "",
  COMMENT       = "I have a copy (PBL)"}

%G RAISE KDBINT
@ARTICLE{George92,
  KEY           = "George92",
  AUTHOR        = "Chris George",
  TITLE         = "The NDB Database Specified in the RAISE Specification
                   Language",
  JOURNAL       = "Formal Aspects of Computing",
  YEAR          = "1992",
  VOLUME        = "4",
  NUMBER        = "1",
  PAGES         = "48--75",
  SIZE          = "28",
  ANNOTE        = "",
  COMMENT       = "PGL has a copy"}

%G RAISE KDBINT
@MISC{George92a,
  KEY           = "George92",
  AUTHOR        = "Chris George",
  TITLE         = "{Modularity in RSL (including slides)}",
  YEAR          = "1992",
  MONTH         = "October",
  SIZE          = "19",
  HOWPUBLISHED  = "Proceedings of the Modules Meeting, NPL",
  ANNOTE        = "",
  COMMENT       = "PGL has a copy"}

%G FME96 RAISE APPLI RAIL
@INPROCEEDINGS{George96,
  KEY           = "George96",
  AUTHOR        = "Chris George",
  EDITOR        = "Marie-Claude Gaudel and Jim Woodcock",
  TITLE         = "{A Theory of Distributed Train Rescheduling}",
  BOOKTITLE     = "FME'96: Industrial Benefit and Advances in Formal Methods",
  PUBLISHER     = "Springer-Verlag",
  YEAR          = "1996",
  MONTH         = "March",
  PAGES         = "499--517",
  ANNOTE        = "",
  COMMENT       = "I have a copy PGL"}

%G RAISE
@INPROCEEDINGS{George&90,
  KEY           = "George\&90",
  AUTHOR        = "C.W. George and R.E. Milne",
  TITLE         = "Specifying and {R}efining {C}oncurrent {S}ystems ---
                    an {E}xample from the {RAISE} {P}roject",
  BOOKTITLE     = "Proceedings of 3rd Refinement Workshop",
  YEAR          = "1990",
  PUBLISHER     = "Springer-Verlag"}

%G FME94 RAISE
@INPROCEEDINGS{Gortz94,
  KEY           = "G{\o}rtz94",
  AUTHOR        = "Jesper G{\o}rtz",
  EDITOR        = "M. Naftalin, T. Denvir, M. Bertran",
  TITLE         = "Specifying Safety and Progress Properties with RSL",
  BOOKTITLE     = "FME'94: Industrial Benefit of Formal Methods",
  PUBLISHER     = "Springer-Verlag",
  YEAR          = "1994",
  MONTH         = "October",
  PAGES         = "567-581",
  ANNOTE        = "",
  COMMENT       = "PGL has got the proceedings. ADN"}

%%%%%%%%%%
%%%%%%%%%% H H H H H H H H H H H H H H H H H H H H H H H H H 
%%%%%%%%%%

%G RAISE
@TECHREPORT{Harry92a,
  KEY           = "Harry92",
  AUTHOR        = "Andrew Harry",
  TITLE         = "RAISE specification of the MD4 message digest algorithm",
  INSTITUTION   = "National Physical Laboratory",
  ADDRESS       = "Queen's Road, Teddington, Middelsex TW11 0LW, UK",
  YEAR          = "1992",
  MONTH         = "September",
  TYPE          = "Report",
  NUMBER        = "206/92",
  SIZE          = "49",
  ANNOTE        = "",
  COMMENT       = "BIB. RGM."}

%G VDM PROTO Z RAISE TOOL TEST
@TECHREPORT{Harry92d,
  KEY           = "Harry92",
  AUTHOR        = "Andrew Harry",
  TITLE         = "State of the art techniques in automatic generation of 
                   reference implementations and test code from formal
                   specifications",
  INSTITUTION   = "National Physical Laboratory",
  ADDRESS       = "Queen's Road, Teddington, Middelsex TW11 0LW, UK",
  YEAR          = "1992",
  MONTH         = "October",
  TYPE          = "Report",
  NUMBER        = "207/92",
  SIZE          = "47",
  ANNOTE        = "",
  COMMENT       = "BIB. RGM."}

%G VDM90 RAISE IPTESINT
@MISC{Havelund90,
  KEY           = "Havelund90",
  AUTHOR        = "Klaus Havelund",
  TITLE         = "{An RSL Tutorial}",
  YEAR          = "1990",
  MONTH         = "April",
  HOWPUBLISHED  = "VDM '90 Tutorial",
  SIZE          = "267",
  ANNOTE        = "",
  COMMENT       = "I have received a nice copy of this manual at the VDM '90
                   symposium but I have not yet read it (PGL)."}

%G VDM90 RAISE IPTESINT
@MISC{Havelund&90,
  KEY           = "Havelund\&90",
  AUTHOR        = "Klaus Havelund and Anne Haxthausen",
  TITLE         = "{RSL Reference Manual}",
  YEAR          = "1990",
  MONTH         = "April",
  HOWPUBLISHED  = "VDM '90 Tutorial",
  SIZE          = "193",
  ANNOTE        = "",
  COMMENT       = "I have received a nice copy of this manual at the VDM '90
                   symposium but I have not yet read it (PGL)."}

%G VDM90 RAISE
@MISC{Haxthausen90,
  KEY           = "Haxthausen90",
  AUTHOR        = "Anne Haxthausen",
  TITLE         = "{A Tutorial on RAISE}",
  NOTE          = "(slides)",
  YEAR          = "1990",
  MONTH         = "April",
  HOWPUBLISHED  = "VDM '90 Tutorial",
  SIZE          = "71",
  ANNOTE        = "",
  COMMENT       = "I have a copy of these slides from the VDM '90
                   symposium (PGL)."}

%G RAISE
@MISC{Haxthausen92a,
  KEY           = "Haxthausen92",
  AUTHOR        = "Anne Haxthausen",
  TITLE         = "Formal Software Specifications using RIASE",
  NOTE          = "Exercises",
  YEAR          = "1992",
  MONTH         = "August",
  SIZE          = "25",
  ANNOTE        = "",
  COMMENT       = "BIB. KDB"}

%G RAISE
@MISC{Haxthausen92b,
  KEY           = "Haxthausen92",
  AUTHOR        = "Anne Haxthausen",
  TITLE         = "Formal Software Specifications using RAISE",
  NOTE          = "Proposed Solutions to Exercises",
  YEAR          = "1992",
  MONTH         = "August",
  SIZE          = "62",
  ANNOTE        = "",
  COMMENT       = "BIB. KDB"}

%G FME93 RAISE
@INPROCEEDINGS{Haxthausen&93,
  KEY           = "Haxthausen\&93",
  AUTHOR        = "Anne Haxthausen \& Chris George",
  EDITOR        = "J.C.P.\ Woodcock and P.G.\ Larsen",
  TITLE         = "A Concurrency Case Study using RAISE",
  BOOKTITLE     = "FME'93: Industrial-Strength Formal Methods",
  ORGANIZATION  = "Formal Methods Europe",
  PUBLISHER     = "Springer-Verlag",
  ADDRESS       = "",
  YEAR          = "1993",
  MONTH         = "April",
  PAGES         = "367--387",
  SIZE          = "21",
  NOTE          = "Lecture Notes in Computer Science 670",
  ANNOTE        = "",
  COMMENT       = ""}

%G RAISE
@ARTICLE{Haxthausen&93a,
  KEY           = "Haxthausen\&93",
  AUTHOR        = "A. E. Haxthausen and J. Storbank Pedersen and S. Prehn",
  TITLE         = "{RAISE}: a {P}roduct {S}upporting {I}ndustrial
                   {U}se of {F}ormal {M}ethods", 
  JOURNAL       = "Technique et Science Informatiques",
  YEAR          = "1993",
  VOLUME        = "12",
  NUMBER        = "3",
  PUBLISHER     = "Afcet/Hermes"}              

%G METPROJ RAISE
@TECHREPORT{Joergensen88,
  KEY           = "J\o{}rgensen\&88",
  AUTHOR        = "J. J\o{}rgensen, S.U. Palm, P. Christensen, P. Haff,
                   L.W. Henriksen and P. Sestoft",
  TITLE         = "{Preliminary Definition of the RAISE Specification Language}",
  INSTITUTION   = "Dansk Datamatik Center",
  YEAR          = "1988",
  MONTH         = "February",
  NUMBER        = "RAISE/\-DDC/\-JJ/\-14/\-V6",
  ANNOTE        = "",
  COMMENT       = "Bought. OBL."}

%G FORMAL VDM B APPLI RAISE HOL
@ARTICLE{Liu&95b,
  KEY           = "Liu\&95",
  AUTHOR        = "S. Liu, V. Stavridou, B. Dutertre",
  TITLE         = "The Practice of Formal Methods in Safety Critical Systems",
  JOURNAL       = "Journal of Systems and Software",
  VOLUME        = "28",
  PAGES         = "77--87",
  SIZE          = "11",
  YEAR          = "1995",
  ANNOTE        = "",
  COMMENT       = "BIB ADN"}

%G RAISE
@INPROCEEDINGS{Manero92,
  KEY           = "Manero92",
  AUTHOR        = "E. Manero",
  TITLE         = "{RAISE} and {ESA} {S}oftware {L}ifecycle",
  BOOKTITLE     = "Proceedings of Ada in AEROSPACE '91",
  YEAR          = "1992",
  PUBLISHER    = "EUROSPACE"}

%G METPROJ RAISE
@TECHREPORT{Meiling&86,
  KEY           = "Meiling\&86",
  AUTHOR        = "E. Meiling and C.W. George",
  TITLE         = "{The RAISE Language and Method}",
  INSTITUTION   = "Dansk Datamatik Center",
  YEAR          = "1986",
  MONTH         = "September",
  NUMBER        = "RAISE/DDC/EM/21/V1",
  ANNOTE        = "",
  COMMENT       = "I RAISE mappen. OBL."}

%G METPROJ RAISE
@TECHREPORT{Meiling&87,
  KEY           = "Meiling\&87",
  AUTHOR        = "E. Meiling and C.W. George",
  TITLE         = "{The RAISE Language, Method and Tools}",
  INSTITUTION   = "Dansk Datamatik Center",
  YEAR          = "1987",
  MONTH         = "September",
  NUMBER        = "RAISE/DDC/EM/27/V1",
  ANNOTE        = "",
  COMMENT       = "I RAISE mappen. OBL."}

%G RAISE
@TECHREPORT{Milne88,
  KEY           = "Milne88",
  AUTHOR        = "Robert Milne",
  TITLE         = "{Type Universes and Orderings}",
  INSTITUTION   = "STC",
  YEAR          = "1988",
  MONTH         = "February", 
  TYPE          = "Final",
  SIZE          = "12", 
  ANNOTE        = "This report suggests type models suitable for 
                   the RAISE specification language. The universe
                   is constructed along the lines from \cite{ComKen}.",
  COMMENT       = "BIB. I have a copy of it (PGL)."}

%G RAISE
@TECHREPORT{Milne90,
  KEY           = "Milne90",
  AUTHOR        = "Robert Milne",
  TITLE         = "{Semantic Foundations of RSL}",
  INSTITUTION   = "STC",
  YEAR          = "1990",
  MONTH         = "March", 
  SIZE          = "355", 
  ANNOTE        = "This document contains the semantics of RSL. There
                   is 8 pages of explanatory text and the rest is raw
                   formulae without any annotations at all!",
  COMMENT       = "I have a copy of it (PGL)."}

%G RAISE
@INPROCEEDINGS{Milne91,
  KEY           = "Milne91",
  AUTHOR        = "R.E. Milne",
  TITLE         = "Transforming {A}xioms for {D}ata {T}ypes into
                   {S}equential {P}rograms",
  BOOKTITLE     = "Proceedings of 4th Refinement Workshop",
  YEAR          = "1991",
  PUBLISHER     = "Springer-Verlag"}

%G RAISE
@INPROCEEDINGS{Milne93,
  KEY           = "Milne93",
  AUTHOR        = "R.E. Milne",
  TITLE         = "{T}he {F}ormal {B}asis for the {RAISE}
                  {S}pecification {L}anguage",
  SERIES        = "Workshops in Computing",
  BOOKTITLE     = "Semantics of Specification Languages",
  YEAR          = "1993",
  PUBLISHER     = "Springer-Verlag"}

%G RAISE VDM88
@INPROCEEDINGS{Nielsen&88,
  KEY           = "Nielsen\&88",
  AUTHOR        = "M. Nielsen, K. Havelund, K.R. Wagner and C. George",
  TITLE         = "The RAISE Language, Method and Tools",
  BOOKTITLE     = "VDM '88 VDM -- The Way Ahead",
  YEAR          = "1988",
  MONTH         = "September", 
  PAGES         = "376-405", 
  ANNOTE        = "",
  COMMENT       = ""}

%G RAISE
@TECHREPORT{Nielsen&88b,
  KEY           = "Nielsen\&88",
  AUTHOR        = "Mogens Nielsen, Steen Lynenskjold",
  TITLE         = "RAISE Project Overview",
  YEAR          = "1988",
  MONTH         = "November",
  NUMBER        = "RAISE/DDC/MN/19/V3",
  SIZE          = "71",
  ANNOTE        = "",
  COMMENT       = "ADN"}


%G RAISE RSL 
@ARTICLE{Nielsen&89a,
  KEY           = "Nielsen\&89",
  AUTHOR        = "Mogens Nielsen, Klaus Havelund, Kim Ritter Wagner
                   and Chris George",
  TITLE         = "The RAISE Language, Method and Tools",
  JOURNAL       = "Formal Aspects of Computing",
  YEAR          = "1989",
  MONTH         = "January--March",
  VOLUME        = "1",
  NUMBER        = "1",
  PAGES         = "85--114",
  SIZE          = "30?",
  ANNOTE        = "",
  COMMENT       = "BIB."}

%G VDM RAISE MISC VDM87
@INPROCEEDINGS{SP87,
  KEY           = "Prehn87",
  AUTHOR        = "S\o{}ren Prehn",
  EDITOR        = "Bj\o{}rner, Jones, Airchinnigh and Neuhold",
  TITLE         = "{From VDM to RAISE}",
  BOOKTITLE     = "{VDM '87 VDM -- A Formal Method at Work}",
  ORGANIZATION  = "VDM-Europe",
  PUBLISHER     = "Springer-Verlag LNCS 252",
  YEAR          = "1987",
  PAGES         = "141--150",
  SIZE          = "422",
  ANNOTE        = "In this paper, the transition from VDM to RAISE is discussed.
                   Problems with VDM and their solutions within RAISE are
                   outlined. The lacks of a mathematical semantics, a
                   consistent set of useful proof rules and a workable 
                   structuring concept is pointed out as serious problems.",
  COMMENT       = "I have read it but I don't have a copy of it."}

%G RAISE
@MISC{Raise91a,
  KEY           = "Raise91",
  TITLE         = "{RAISE Tools Snapshots}",
  YEAR          = "1991",
  HOWPUBLISHED  = "CASE Systems Division CRI A/S",
  SIZE          = "11",
  NOTE          = "(PGL has a copy)",
  ANNOTE        = "",
  COMMENT       = "DP"}

%G VDM91 RAISE TOOL
@INPROCEEDINGS{RAISE91,
  KEY           = "RAISE91",
  AUTHOR        = "The CRI RAISE Tools Group",
  TITLE         = "{The RAISE Toolset}",
  BOOKTITLE     = "{VDM '91: Formal Software Development Methods}",
  PUBLISHER     = "Springer-Verlag",
  YEAR          = "1991",
  MONTH         = "October",
  PAGES         = "689--690",
  ANNOTE        = "",
  COMMENT       = "I have the entire proceedings. PGL"}

%G RAISE PGLPHDINT KDBINT
@BOOK{RAISE92a,
  KEY           = "RAISE92",
  AUTHOR        = "The RAISE Language Group",
  TITLE         = "The RAISE Specification Language",
  PUBLISHER     = "Prentice-Hall",
  YEAR          = "1992",
  SERIES        = "The BCS Practitioners Series",
  SIZE          = "397",
  ANNOTE        = "",
  COMMENT       = "LIB. PGL"}

%G RAISE PGLPHDINT
@BOOK{RAISE95,
  KEY           = "RAISE95",
  AUTHOR        = "{RAISE Method Group}, The",
  TITLE         = "The RAISE Development Method",
  PUBLISHER     = "Prentice-Hall International",
  YEAR          = "1995",
  SERIES        = "The BCS Practitioners Series",
  SIZE          = "493",
  ANNOTE        = "",
  COMMENT       = "I have a copy PGL"}

%G PGLPHDINT RAISE
@INBOOK{Toft92,
  KEY           = "Toft92",
  AUTHOR        = "Jens Ulrik Toft",
  TITLE         = "Systematic Software Development using RAISE",
  YEAR          = "1992",
  MONTH         = "August",
  SIZE          = "23",
  NOTE          = "This report is Chapter 2 of the author's MSc thesis.",
  ANNOTE        = "",
  COMMENT       = "BIB."}

%G RAISE
@INPROCEEDINGS{Zierau94,
  KEY           = "Zirau94",
  AUTHOR        = "E. Zierau",
  TITLE         = "{U}se of the {F}ormal {M}ethod {RAISE} in {P}ractice",
  BOOKTITLE     = "Proceedings of  SAFECOMP '94",
  YEAR          = "1994"}

