

 @inproceedings{CPAIOR:Nikolaj:2021,
  author    = {Nikolaj Bj{\o}rner and
               Maxwell Levatich and
               Nuno P. Lopes and
               Andrey Rybalchenko and
               Chandrasekar Vuppalapati},
  editor    = {Peter J. Stuckey},
  title     = {Supercharging Plant Configurations Using {Z3}},
  booktitle = {Integration of Constraint Programming, Artificial Intelligence, and
               Operations Research - 18th International Conference, {CPAIOR} 2021,
               Vienna, Austria, July 5-8, 2021, Proceedings},
  series    = {Lecture Notes in Computer Science},
  volume    = {12735},
  pages     = {1--25},
  publisher = {Springer},
  year      = {2021},
  url       = {https://doi.org/10.1007/978-3-030-78230-6\_1},
  doi       = {10.1007/978-3-030-78230-6\_1},
  timestamp = {Thu, 17 Jun 2021 14:39:44 +0200},
  biburl    = {https://dblp.org/rec/conf/cpaior/BjornerLLRV21.bib},
  bibsource = {dblp computer science bibliography, https://dblp.org}
}

@TechReport{Nachmanson2021,
  author = 	 "Lev Nachmanson",
  title = 	 "{Microsofts Automated Layout Tool}",
  institution =  "MS Research",
  year = 	 "2021",
  OPTcrossref =  "",
  OPTkey = 	 "",
  OPTtype = 	 "",
  OPTnumber = 	 "",
  OPTaddress = 	 "",
  OPTmonth = 	 "",
  note = 	 "https://github.com/microsoft/automated-graph-layout",
  OPTannote = 	 ""
}

