%%% notes-dines.bib

@UNPUBLISHED{Bj87SAPSD,
  KEY		= "Bj{\o}rner 87e",
  AUTHOR	= "Dines Bj{\o}rner",
  TITLE		= "Software Architectures 
and Programming Systems Design.
  Vols. I-VI",
  NOTE		= "Techn. Univ. of Denmark",
  YEAR		= "1983-1987",
  ANNOTE	= "This 6 volume was written and used
throughout the 1980s. Volume titles are: I: {\it Foundations}, 
II: {\it Abstraction Principles}, III: {\it Design}, IV: {\it
Formalising Programming Concepts}, 
V: {\it Programming Languages 
and their Processors}, and VI: {\it Data Models and Data Base 
Management Systems}."}

@BOOK{db91:r:Bj91a,
  KEY           = "Bj{\o}rner 91",
  AUTHOR        = "Dines Bj{\o}rner",
  TITLE         = "{Software Development. Volume I:
                   Specification Principles --- 
                   the {VDM} Approach}",
  PUBLISHER     = "Lecture Notes, Department 
                   of Computer Science,
                   Technical University of Denmark, 710 pages",
  YEAR          = "1992",
  ANNOTE        = ""}

@BOOK{db91:r:Bj91b,
  KEY           = "Bj{\o}rner 91",
  AUTHOR        = "Dines Bj{\o}rner",
  TITLE         = "{Software Development. Volume II:
                   Design Principles --- the {VDM} Approach}",
  PUBLISHER     = "Lecture Notes, Department of 
                   Computer Science,
                   Technical University of Denmark, 599 pages,
                   Incomplete",
  YEAR          = "1992",
  ANNOTE        = ""}


@Book{db:seana99a,
  author = 	 "Dines Bj{\o}rner",
  title = 	 "{Software Engineeering: A New Approach.
From domains via requirements to software.
Formal specification and design calculi.}",
  publisher = 	 "Dept.\ of Informatics and Mathematical 
      Modelling, Technical University of Denmark,
      Richard Petersens Plads, Building 322, DK--2800
      Lyngby, Denmark",
  year = 	 "2000",
  OPTvolume = 	 "",
  OPTseries = 	 "",
  OPTaddress = 	 "",
  note = 	 "Presently this document is a rather extensive
                  (approx.\ 900 page) set of lecture notes.
Postscript versions of the document are 
accessible over the web: 
\texttt{http://www.it.dtu.dk/\~{}db/s2000/notes.ps}",
  OPTannote = 	 ""
}

@Book{bjorner2002,
  author = 	 "Dines Bj{\o}rner",
  title = 	 "{The SE Book: Theory \& Practice and Software Engineering}",
  year = 	 "2003",
  publisher = "Springer--Verlag, Cambridge University Press and McGrawHill has expressed interest",
  note = 	 "These Lecture Notes represent
                  the author's summary of more than 25
                  years of research, development and teaching.
\htmladdnormallink{See Web Page}{http://www.imm.dtu.dk/~db/TheSEBook/}"}

