

@techreport{OWL:2009,
  author    = "{OWL Working Group W3C}",
  title     = "{OWL 2 Web Ontology Language 
                Document Overview}", 
  institution = "{The World Wide Web Consortium}",
  type = "{W3C Recommendation}",
  number = "{http://www.w3.org/TR/owl2-overview/}",
  month     = "27 October",
  year      = "2009"} 
			      

		  
@techreport{ISO:CL:2007,
  author    = "Harry Delugach",
  title     = "{Common Logic Standard}",
  institution = "{ISO}",
  type = "{ISO Standard}",
  number = "{ISO/IEC IS 24707:2007}", 
  OPTnote      = "http://iso-commonlogic.org/",
  year      = "2007"} 
			  
@Article{ontology:doc.ont.1,
  author = 	 "Sadanand S\lowercase{RIVASTAVA} and James Gil de
		  L\lowercase{AMADRID}  and Chakravarthi
		  S. V\lowercase{ELVADAPU}",
  title = 	 "{Document Ontology: A Statistical Approach}",
  note = 	 "Technical Report, Dept. of Computer Science, Bowie
		  State University", 
  OPTannote = 	 ""
}
	  
@Article{ontology:Gruber:1993,
  author = 	 "Thomas R. Gruber",
  title = 	 "{A translation approach to portable ontology specifications}",
  journal = 	 "Knowledge Acquisition",
  year = 	 "1993",
  volume = 	 "5",
  number = 	 "2",
  month = 	 "June",
  pages = 	 "199-â€“220",
  OPTnote = 	 "",
  OPTannote = 	 ""}
		  
@InCollection{EngMath:Gruber94,
  author = 	 "Thomas R. Gruber and Gregory R. Olsen",
  title = 	 "{An Ontology for Engineering Mathematics}",
  booktitle = 	 "{Principles of Knowledge Representation and Reasoning}",
  editor = 	 "Jon Doyle and Piero Torasso and Erik Sandewall",
  year = 	 "1994",
  publisher = 	 "Morgan Kaufmann",
  pages = 	 "",
  OPTannote = 	 "Knowledge Systems Laboratory, Stanford University,
                  701 Welch Road, Building C, Palo Alto, CA 94304,
                   gruber@ksl.stanford.edu",
  note = 	 "Fourth International Conference. Gustav Stresemann
		  Institut, Bonn, Germany.\footnote{{\scriptsize{\tt
      http://www-ksl.stanford.edu/knowledge-sharing/papers/engmath.html}}}"  
}


@InCollection{ontology:cocchiarella91a,
  author = 	 "N.B. Cocchiarella",
  title = 	 "{Formal Ontology}",
  booktitle = 	 "{Handbook in Metaphysics and Ontology}",
  OPTcrossref =  "",
  OPTkey = 	 "",
  publisher = "Philosophia Verlag",
  year = 	 "1991",
  editor = 	 "H. Burkhardt and B. Smith",
  address = 	 "Munich, Germany",
  OPTedition = 	 "",
  OPTmonth = 	 "",
  pages = 	 "640--647",
  OPTnote = 	 "",
  OPTannote = 	 ""
}


@InCollection{ontology:nutter97a,
  author = 	 "J.T. Nutter",
  title = 	 "{Epistemology}",
  booktitle = 	 "{Encyclopedia of Artificial Intelligence}",
  publisher = "John Wiley",
  year = 	 "1997",
  OPTchapter = 	 "",
  address = 	 "London, UK",
  OPTmonth = 	 "",
  editor = 	 "S. Shapiro",
  OPTpages = 	 "",
  OPTnote = 	 "",
  OPTannote = 	 ""
}


@Article{ontology:clancey93a,
  author = 	 "W.J. Clancey",
  title = 	 "{The knowledge--level reinterpreted:
                   modeling socio--technical systems}",
  journal = 	 "International Journal of Intelligent
                  Systems",
  year = 	 "1993",
  OPTkey = 	 "",
  volume = 	 "8",
  OPTnumber = 	 "",
  OPTmonth = 	 "",
  pages = 	 "33--49",
  OPTnote = 	 "",
  OPTannote = 	 ""
}


@InBook{ontology:reiter91a,
  author = 	 "R. Reiter",
  title = 	 "{The frame problem in the situation calculus:
                   A simple solution (sometimes) and a
                   completeness result for goal regression}",
  chapter = 	 "in ``Artificial Intelligence and
                  Mathematical Theory of Computation:
                  Papers in Honour of John McCarthy''",
  publisher = 	 "Academic Press",
  year = 	 "1991",
  OPTkey = 	 "",
  OPTeditor = 	 "",
  OPTvolume = 	 "",
  OPTnumber = 	 "",
  OPTseries = 	 "",
  address = 	 "San Diego",
  OPTedition = 	 "",
  OPTmonth = 	 "",
  OPTpages = 	 "",
  OPTtype = 	 "",
  OPTnote = 	 "",
  OPTannote = 	 ""
}


@InProceedings{ontology:pinto93a,
  author = 	 "J. Pinto and R. Reiter",
  title = 	 "{Temporal reasoning in logic programming:
                   a case for the situation calculus}",
  booktitle = 	 "{10th Intl. Conf. on Logic Programming}",
  OPTcrossref =  "",
  OPTkey = 	 "",
  OPTeditor = 	 "",
  OPTvolume = 	 "",
  OPTnumber = 	 "",
  OPTseries = 	 "",
  year = 	 "1993",
  OPTorganization = "",
  OPTpublisher = "",
  address = 	 "Budapest, Hungary",
  month = 	 "June",
  OPTpages = 	 "",
  OPTnote = 	 "",
  OPTannote = 	 ""
}


@Article{ontology:guarino95a,
  author = 	 "Nicola Guarino",
  title = 	 "{Formal Ontology, Conceptual 
                   Analysis and Knowledge Representation}",
  journal = 	 "Intl. Journal of Human--Computer Studies",
  year = 	 "1995",
  OPTkey = 	 "",
  OPTvolume = 	 "",
  volume = 	 "43",
  OPTmonth = 	 "",
  pages = 	 "625--640",
  OPTnote = 	 "",
  OPTannote = 	 ""
}


@Proceedings{ontology:bernus95,
  title = 	 "{Modelling and Methodologies
                   for Enterprise Integration}",
  year = 	 "1995",
  OPTkey = 	 "",
  editor = 	 "Peter Bernus and Laszlo Nemes",
  OPTvolume = 	 "",
  OPTnumber = 	 "",
  series = 	 "International Federation
                  for Information Processing",
  publisher = "Chapman \& Hall",
  organization = "IFIP TC5",
  address = 	 "London, UK",
  month = 	 "1996",
  note = 	 "Working Conference, Queensland, Australia,
                  November 1995",
  OPTannote = 	 ""
}

@InProceedings{ontology:gruninger95:toronto,
  author = 	 "M. Gruninger and M.S. Fox",
  title = 	 "{The Logic of Enterprise Modelling}",
  booktitle = 	 "{Modelling and Methodologies
                   for Enterprise Integration, see
                   \cite{ontology:bernus95}}",
  OPTcrossref =  "",
  OPTkey = 	 "",
  OPTeditor = 	 "",
  OPTvolume = 	 "",
  OPTnumber = 	 "",
  OPTseries = 	 "",
  year = 	 "1995",
  OPTorganization = "",
  OPTpublisher = "",
  OPTaddress = 	 "",
  month = 	 "November",
  pages = 	 "141--157",
  OPTnote = 	 "",
  OPTannote = 	 ""
}



@TechReport{ontology:guarino97a,
  author = 	 "Nicola Guarino",
  title = 	 "{Some Organising Principles for a Unified
                   Top--level Ontology}",
  institution =  "Italian National Research Council (CNR),
                  LADSEB--CNR",
  year = 	 "1997",
  type = 	 "Int.Rept.",
  volume = 	 "02/97, v2.1",
  address = 	 "Corso Stati Uniti 4, I--35127 Padova,
                  Italy. guarino@ladseb.pd.cnr.it",
  OPTmonth = 	 "May",
  OPTnote = 	 "",
  OPTannote = 	 ""
}

@Book{StaabStuder2004,
  title = 	 "{Handbook on Ontologies}",
  year = 	 "2004",
  editor = 	 "Steffen Staab and Rudi Stuber",
  series = 	 "{International Handbooks on
                  Information Systems}",
  publisher = "Springer",
  address = 	 "Heidelberg"}		  
		  