@Manual{xal,
  title = 	 "{Concorde XAL}",
  OPTkey = 	 "",
  author = 	 "Concorde",
  organization = "Damgaard Development A/S",
  address = 	 "Bregner{\o}dvej 133, DK--3450 Birker{\o}d,
                  Denmark",
  OPTedition = 	 "",
  year = 	 "1999",
  OPTmonth = 	 "",
  note = 	 "http://www.damgaard.com",
  OPTannote = 	 ""
}

@Manual{xapta,
  title = 	 "{XAPTA}",
  OPTkey = 	 "",
  author = 	 "Concorde",
  organization = "Damgaard Development A/S",
  address = 	 "Bregner{\o}dvej 133, DK--3450 Birker{\o}d,
                  Denmark",
  OPTedition = 	 "",
  year = 	 "1999",
  OPTmonth = 	 "",
  note = 	 "http://www.damgaard.com",
  OPTannote = 	 ""
}


@Manual{navision,
  title = 	 "{Navision\footnote{Navision is a registered trademark of
                   Navision Softare A/S, Denmark} Financials}",
  OPTkey = 	 "",
  author = 	 "Navision Software A/S",
  organization = "Navison Software A/S",
  address = 	 "Vedb{\ae}k, Denmark",
  OPTedition = 	 "",
  year = 	 "1996",
  OPTmonth = 	 "",
  note = 	 "9 Manuals: ISBN 87--7849-095-2,
195--9, 416--8, 418--4, 419--2, 420--6, 421--4, 492--3, 493--1, ",
  OPTannote = 	 ""
}

@Manual{maconomy,
  title = 	 "{Maconomy}",
  OPTkey = 	 "",
  author = 	 "PPU Maconomy",
  organization = "PPU Maconomy",
  address = 	 "Vordingborggade, DK--2100 Copenhagen {\O},
                  Denmark",
  OPTedition = 	 "",
  year = 	 "1998",
  OPTmonth = 	 "",
  OPTnote = 	 "",
  OPTannote = 	 ""
}

@Manual{sapr3,
  title = 	 "{R/3\footnote{R/3 is a registered trademark of
SAP AG, Neurottstra\ss e 16, D--69190 Walldorf, Germany} System: 
 Project System}", 
  OPTkey = 	 "",
  author = 	 "SAP",
  organization = "SAP AG",
  address = 	 "Neurottstra\ss e 16, D--69190 Walldorf, Germany",
  OPTedition = 	 "",
  year = 	 "1996",
  month = 	 "October",
  note = 	 "Document 5000 9941 (9610/10)",
  OPTannote = 	 ""
}

@Manual{baan,
  title = 	 "{Baan}",
  OPTkey = 	 "",
  author = 	 "Baan",
  organization = "Baan",
  address = 	 "The Netherlands",
  OPTedition = 	 "",
  year = 	 "1998",
  OPTmonth = 	 "",
  OPTnote = 	 "",
  OPTannote = 	 ""
}
