
@Article{abcdefg,
  author = 	 "x",
  title = 	 "{x}",
  OPTcrossref =  "",
  OPTkey = 	 "",
  OPTjournal = 	 "",
  OPTyear = 	 "",
  OPTvolume = 	 "",
  OPTnumber = 	 "",
  OPTpages = 	 "",
  OPTmonth = 	 "",
  note = 	 "x",
  OPTannote = 	 "{}"
}


@Proceedings{OilPipeRussia2021,
  author = 	 "Fedor Rekach and Svetlana. L. Shambina and Yuri Belousov",
  title = 	 "{Mathematical modelling of pipelines, including
                   equipment, levelling sharp changes in fluid pressure}", 
  year = 	 "2021",
  OPTcrossref =  "",
  key = 	 "oil",
  OPTeditor = 	 "",
  volume = 	 "{IOP Conference Series Materials Science and Engineering}",
  OPTnumber = 	 "",
  OPTseries = 	 "",
  OPTpublisher = "{IOP Publishing Ltd.}",
  OPTorganization = "",
  OPTaddress = 	 "",
  month = 	 "January",
  note = 	 "DOI:10.1088/1757-899X/1030/1/012149: \textt{https://\-www.re\-search\-gate.\-net/\-pub\-li\-ca\-tion/\-348520073\_Ma\-the\-ma\-ti\-cal\-\_mo\-del\-ling\-\_of\-\_pipe\-lines\-\_in\-clu\-ding\-\_e\-quip\-ment\-\_le\-vel\-ling\-\_sharp\-\_\-changes\-\_in\-\_flu\-id\-\_pres\-sure}",
  annote = 	 "{Volume 1030, VII International Scientific
  Conference {\sl Integration, Partnership and Innovation in
  Construction Science and Education}, (IPICSE 2020) 11th-14th
  November 2020, Tashkent, Uzbekistan}" 
}

@PhdThesis{OilPipeKarthoum2008,
  author = 	 "Nagia Mohamed Dafaa Allah",
  title = 	 "{Solving a Mathematical Model For Gas Flow in Pipelines}",
  school = 	 "{Faculty of Mathematical Sciences, University of
                   Khartoum}",
  year = 	 "2008",
  address = 	 "JG5R+968, Barlaman Ave, Khartoum, Sudan",
  month = 	 "October",
  type = 	 "PhD Thesis",
  note = 	 "124 Pages, \texttt{https://core.ac.uk/download/pdf/71671586.pdf}",
  OPTannote = 	 ""
}

@Misc{OilPipeMapleSoft,
  OPTcrossref =  "",
  OPTkey = 	 "",
  author = 	 "Maple",
  title = 	 "{Pipeline Design \& Analysis -- Maple Flow Examples}",
  howpublished = "The Internet",
  OPTyear = 	 "",
  OPTmonth = 	 "",
  note =
        "\texttt{https://\-www.\-maple\-soft.\-com/\-pro\-ducts/\-Maple\-Flow/\-Pipe\-line\--De\-sign\--Soft\-ware/\-ex\-amples.aspx}", 
  annote = 	 "{Maple, 615 Kumpf Drive, Waterloo, ON Canada, N2V 1K8}"}

@Article{OilPipe2012,
  author = 	 "LiangSun",
  title = 	 "Mathematical modeling of the flow in a pipeline with a leak",
  journal = 	 "Mathematics and Computers in Simulation",
  year = 	 "2012",
  volume = 	 "82",
  number = 	 "11",
  pages = 	 "2253-2267",
  month = 	 "July"}