	  	  
@Book{PLS1992,
  editor    = "E.P. Evans and B. Coulbeck",
  title     = "{Pipeline Systems}",
  publisher = "Kluwer Academic Publishers",
  year      = "1992",
  series    = "Fluid Mechanics and Its Applications",
  address   = "Dordreacht, The Netherlands",
  month     = "March 31",
  note      = ""}
		 	  		  	  
@Book{JohnLKennedy1993,
  author    = "John L. Kennedy",
  title     = "Oil and gas pipeline fundamentals",
  publisher = "PennWell Books",
  year      = "1993",
  address   = "Tulsa, Oklahoma",
  month     = "",
  note      = ""}
		  	  
@Book{ASME2006,
  author    = "Mo Mohitpour and Hossein Golshan and Alan Murray",
  title     = "{Pipeline Design \& Construction: A Practical Approach}",
  publisher = "American Society of Mechanicl Engineers (ASME)",
  year      = "2006",
  address   = "New York, NY 10016-5990",
  edition   = "3rd",
  month     = "",
  note      = ""}
				
		  