@string{springer = "Springer-Verlag"}
@string{jacm = "Journal of the ACM"}
@string{northholland = "{North Holland Publ. Co., Amsterdam}"}
@string{cacm = "Communications of the ACM"}
@string{lncs = "Lecture Notes in Computer Science"}
@string{siam = "SIAM Journal of Computing"}
@string{elsevier = "Elsevier Science Publishers B.V. 
                    (North-Holland)"}
@string{tcs = "Theoretical Computer Science"}



@techreport{Milne1990:RSL:SemFound,
  author    = "R.E. Milnes",
  title     = "{Semantic Foundations for RSL}",
  institution = "{CRI A/S}",
  type = "{Research Report}",
  number = "{RAISE/CRI/DOC/4/V1}",
  month = "30 March",
  year      = "1990"} 


@techreport{Milne1990:RSL:ProofTheory,
  author    = "R.E. Milne",
  title     = "{RSL Proof Rules}",
  institution = "{CRI A/S}",
  type = "{Research Report}",
  number = "{RAISE/CRI/DOC/5/V1}", 
  month = "30 March",
  year      = "1990"} 
			  

@Book{RaiseCaseBook2001,
  author = 	 "Chris W. George and Hung Dang Van and Tomasz
                  Janowski and Richard Moore",
  title = 	 "{Case Studies using The RAISE Method}",
  publisher = 	 "Springer--Verlag",
  year = 	 "2002",
  OPTkey = 	 "",
  OPTeditor = 	 "",
  OPTvolume = 	 "",
  OPTnumber = 	 "",
  series = 	 "FACTS (Formal Aspects of Computing: Theory and
                  Software) and FME (Formal Methods Europe)",
  address = 	 "London",
  OPTedition = 	 "",
  OPTmonth = 	 "",
  note = 	 "This book reports on a number of case studies
  using RAISE (Rigorous Approach to Software Engineering). The case
  studies were done in the period 1994--2001 at UNU/IIST, the UN
  University's International Institute for Software Technology,
  Macau (till 20 Dec., 1997, Chinese Teritory under Portuguese
  administration, now a Special Administrative Region (SAR) of (the
  so\---called People's Republic of) China)",
  OPTannote = 	 ""
}


@inproceedings{ACL93a,
    author       = "A. Alapide and M. Cinenella and P. La Vopa",
    title        = "Automatic {G}eneration of {A}da {C}ode with
                    {RAISE} {F}ormal {M}ethod",
    booktitle    = "Proceedings of Ada in AEROSPACE '92",
    year         = "1993",
    publisher    = "EUROSPACE"
    }

@inproceedings{ACL93b,
    author       = "A. Alapide and M. Cinenella and P. La Vopa",
    title        = "The {V}iability of {A}pplying 
{RAISE} to {A}da
                   {P}rojects in {C}ompetitive 
{B}id {C}ompanies",
    booktitle    = "Proceedings of Ada in AEROSPACE '92",
    year         = "1993",
    publisher    = "EUROSPACE"
    }

@article{BHH92,	
    author       = "D. Bj{\o}rner and A. 
Haxthausen and K. Havelund",
    title        = "Formal, {M}odel-oriented {S}oftware 
                   {D}evelopment {M}ethods  ---
                   {F}rom {VDM} to {ProCoS} 
\& from {RAISE} to {LaCoS}", 
    journal      = "Future Generation Computer Systems",
    year         = "1991/92",
    number       = ""
    }              

@inproceedings{BD92,	
    author       = "D. Bolignano and M. Debabi",
    title        = "Higher {O}rder {C}ommunicating 
                    {P}rocesses with {V}alue-passing, 
                    {A}ssignment and {R}eturn of {R}esults",
    booktitle    = "Proceedings of ISAAC '92",
    year         = "1992",
    publisher    = "Springer-Verlag",
    volume       = "650",
    series       = lncs}

@inproceedings{BD93c,  
    author       = "D. Bolignano and M. Debabi",
    title        = "Vers une Semantique des 
Langages Parall\`eles, 
                   Fonctionnels avec des 
Extensions Imp\'eratives",
    booktitle    = "Actes des Journ\'ees 
Francophones des Langages
                   Applicatifs, JFLA '93",
    publisher    = "INRIA",
    year         = "1993"
}

@inproceedings{BD93b,	
    author       = "D. Bolignano and M. Debabi",
    title        = "A {D}enotational {M}odel 
for the {I}ntegration of
                    {C}oncurrent, {F}unctional 
and {I}mperative {P}rogramming",
    booktitle    = "Proceedings of ICCI '93",
    month        = "May",
    year         = "1993",
    publisher    = "IEEE"
}

@inproceedings{BD93a,	
    author       = "D. Bolignano and M. Debabi",
    title        = "A {C}oherent {T}ype {I}nference 
                    {S}ystem for a {C}oncurrent, {F}unctional and
		    {I}mperative {P}rogramming {L}anguage",
    booktitle    = "Proceedings of AMAST '93",
    year         = "1993",
    publisher    = "Springer-Verlag"
}

@inproceedings{BD93d,	
    author       = "D. Bolignano and M. Debabi",
    title        = "On the {S}emantic {F}oundations of {RSL}: a
		  {C}oncurrent, {F}unctional and {I}mperative {S}pecification {L}anguage.",
    booktitle    = "Proceedings of FORTE '93",
    year         = "1993",
    publisher    = "Boston University"
}

@inproceedings{CDGPZ91,
    author       = "D.L. Chalmers and B. Dandanell 
and J. G{\o}rtz and 
                   J. Storbank Pedersen and E. Zierau",
    title        = "{U}sing {RAISE} --- 
                    {F}irst {I}mpressions {F}rom a {LaCoS} {U}ser {T}rial",
    booktitle    = "Proceedings of VDM '91",
    year         = "1991",
    publisher    = "Springer-Verlag",
    volume       = "551",
    series       = lncs}


@inproceedings{Dan91,
    author       = "B. Dandanell",
    title        = "Rigorous {D}evelopment using {RAISE}",
    booktitle    = "Proceedings of SIGSOFT '91",
    year         = "1991",
    publisher    = "ACM"
    }

@inproceedings{Dan92,
    author       = "B. Dandanell",
    title        = "Fast and {R}igorous {P}rototyping in {A}da",
    booktitle    = "Proceedings of Ada in AEROSPACE '91",
    year         = "1992",
    publisher    = "EUROSPACE"
    }

@inproceedings{DGPZ93,
    author       = "B. Dandanell and J. G{\o}rtz and 
                   J. Storbank Pedersen and E. Zierau",
    title        = "{E}xpierences from {A}pplications of {RAISE}",
    booktitle    = "FME'93: Industrial Strength Formal Methods",
    volume       = "670",
    year         = "1993",
    publisher    = "Springer-Verlag",
    series       = lncs}

@InProceedings{ES94,
  author = 	 "F. Erasmy and E. Sekerinsky",
  title = 	 "{S}tepwise {R}efinement of 
{C}ontrol {S}oftware ---
		  {A} {C}ase {S}tudy {U}sing {RAISE}",
  volume = 	 "873",
  series = 	 lncs,
  booktitle =    "FME'94: Industrial 
Benefits of Formal Methods",
  year = 	 "1994",
  publisher =    "Springer-Verlag"
}

@InCollection{ES95,
  author = 	 "F. Erasmy and E. Sekerinsky",
  title = 	 "{RAISE}",
  booktitle =    "Formal Development of 
Reactive Systems: Case Study
		  Production Cell",
  publisher =    "Springer-Verlag",
  year = 	 "1995",
  volume = 	 "891",
  series = 	 lncs
}

@inproceedings{Geo91,
    author       = "C.W. George",
    title        = "{The RAISE Specification 
Language: A Tutorial}",
    booktitle    = "Proceedings of VDM '91",
    year         = "1991",
    publisher    = "Springer-Verlag",
    volume       = "551",
    series       = lncs}

@article{Geo92,
    author       = "C.W. George",
    title        = "The {NDB} {D}atabase 
{S}pecified in the {RAISE}
	            {S}pecification {L}anguage",
    journal      = "Formal Aspects of Computer Science",
    year         = "1992",
    volume       = "4",
    number       = "1"
    }

@inproceedings{Go94,
    author       = "J. G{\o}rtz",
    title        = "Specifying {S}afety and 
{P}rogress {P}roperties with {RSL}",
    booktitle    = "FME'94: Industrial Benefits 
of Formal Methods",
    year         = "1994",
    publisher    = "Springer-Verlag",
    volume       = "873",
    series       = lncs}

@inproceedings{GM90,
    author       = "C.W. George and R.E. Milne",
    title        = "Specifying and 
{R}efining {C}oncurrent {S}ystems ---
                    an {E}xample from the {RAISE} {P}roject",
    booktitle    = "Proceedings of 3rd Refinement Workshop",
    year         = "1990",
    publisher    = "Springer-Verlag"
    }

@inproceedings{HG93,
    author       = "A.E. Haxthausen and C.W. George",
    title        = "A {C}oncurrency 
{C}ase {S}tudy {U}sing {RAISE}",
    booktitle    = "FME'93: Industrial 
Strength Formal Methods",
    year         = "1993",
    volume       = "670",
    publisher    = "Springer-Verlag",
    series       = lncs}

@inproceedings{HP91,
    author       = "B.D. Holdt-J{\o}rgensen and S. Prehn",
    title        = "Using {F}ormal {M}ethods for {D}eveloping 
                    {C}ritical {P}rograms in {A}da",
    booktitle    = "Proceedings of  Ada in AEROSPACE '90",
    year         = "1991",
    publisher    = "EUROSPACE"
    }

@article{HPP93,	
    author       = "A. E. Haxthausen and J. 
Storbank Pedersen and S. Prehn",
    title        = "{RAISE}: a {P}roduct 
{S}upporting {I}ndustrial
		  {U}se of {F}ormal {M}ethods", 
    journal      = "Technique et Science Informatiques",
    year         = "1993",
    volume       = "12",
    number       = "3",
    publisher    = "Afcet/Hermes"
    }              

@inproceedings{Man92,
    author       = "E. Manero",
    title        = "{RAISE} and {ESA} {S}oftware {L}ifecycle",
    booktitle    = "Proceedings of Ada in AEROSPACE '91",
    year         = "1992",
    publisher    = "EUROSPACE"

    }

@inproceedings{Mil91,
    author       = "R.E. Milne",
    title        = "Transforming {A}xioms for {D}ata {T}ypes  
                    into {S}equential {P}rograms",
    booktitle    = "Proceedings of 4th Refinement Workshop",
    year         = "1991",
    publisher    = "Springer-Verlag"
    }


@InProceedings{Mil93,
  author = 	 "R.E. Milne",
  title = 	 "{T}he {F}ormal {B}asis for the {RAISE}
		  {S}pecification {L}anguage",
  series = 	 "Workshops in Computing",
  booktitle =    "Semantics of Specification Languages",
  year = 	 "1993",
  publisher =    "Springer"
}

@book{Rlg92,
    author       = "{RAISE Language Group}, The",
    title        = "The {RAISE} {S}pecification {L}anguage",
    series       = "BCS Practitioner Series",
    year         = "1992",
    publisher    = "Prentice Hall International"
    }

@book{Rmg95,
    author       = "{RAISE Method Group}, The",
    title        = "The {RAISE} {D}evelopment {M}ethod",
    series       = "BCS Practitioner Series",
    year         = "1995",
    publisher    = "Prentice Hall International"
    }

@inproceedings{Zie94,
    author       = "E. Zierau",
    title        = "{U}se of the {F}ormal 
                    {M}ethod {RAISE} in {P}ractice",
    booktitle    = "Proceedings of  SAFECOMP '94",
    year         = "1994"}


