

@BOOK{AMS90,
  KEY           = "Robotics",
  AUTHOR        = "J. Baillieul and D.P. Martin and R.W. Brockett
               and B.R. Donald and R.M. Murray and S. Shankar Sastry
               and Madhusudan Raghavan",
  TITLE         = "Robotics",
  VOLUME        = "41",
  SERIES        = "Proceedings of Symposia in Applied Mathematics",
  PUBLISHER     = "American Mathematical Society, Rhode Island",
  YEAR          = "1990",
  ANNOTE        = ""}

@TECHREPORT{Bjorner91e,
  KEY           = "Robotics",
  AUTHOR        = "D. Bj{\o}rner",
  TITLE         = "A {F}ormal {M}odel of {R}obots ---
                   {G}eometry and {K}inematics",
  INSTITUTION   = ID,
  ADDRESS       = "Bldgs. 344--345, DK--2800 Lyngby, Denmark",
  MONTH         = "April",
  YEAR          = "1991",
  ANNOTE        = ""}

@INCOLLECTION{Brockett90a,
  KEY           = "Robotics",
  AUTHOR        = "R.W. Brockett",
  TITLE         = "Some Mathematical Aspects of Robotics",
  BOOKTITLE     = "see \cite{AMS90}",
  EDITOR        = "J. Baillieul and D.P. Martin and R.W. Brockett
               and B.R. Donald and R.M. Murray and S. Shankar Sastry
               and Madhusudan Raghavan",
  CHAPTER       = "1",
  PAGES         = "1--20",
  PUBLISHER     = "American Mathematical Society, Rhode Island",
  YEAR          = "1990",
  ANNOTE        = ""}

@INCOLLECTION{Brockett90b,
  KEY           = "Robotics",
  AUTHOR        = "R.W. Brockett",
  TITLE         = "Formal Languages for Motion Description and Map
Making",
  BOOKTITLE     = "see \cite{AMS90}",
  EDITOR        = "J. Baillieul and D.P. Martin and R.W. Brockett
               and B.R. Donald and R.M. Murray and S. Shankar Sastry
               and Madhusudan Raghavan",
  CHAPTER       = "6",
  PAGES         = "181--193",
  PUBLISHER     = "American Mathematical Society, Rhode Island",
  YEAR          = "1990",
  ANNOTE        = ""}

@TECHREPORT{Borelly90,
  KEY           = "Robotics",
  AUTHOR        = "J.-J. Borelly and D. Simon",
  TITLE         = "Propositions d'Architecture de Contr{\^o}leur
                   Ouvert pour la Robotique",
  INSTITUTION   = INRIASA,
  ADDRESS       = INRIAADDR,
  NUMBER        = "1304",
  TYPE          = "Programme 6: Robotique, Image et Vision",
  MONTH         = "Octobre",
  YEAR          = "1990",
  ANNOTE        = ""}

@PROCEEDINGS{Boisonnat88,
  KEY           = "Robotics",
  EDITOR        = "J.-D. Boisonnat and J.-P. Laumond",
  TITLE         = "Geometry and Robotics",
  PUBLISHER     = SV,
  MONTH         = "May",
  YEAR          = "1989",
  SERIES        = LNCS,
  VOLUME        = "391",
  ANNOTE        = ""}

@BOOK{Craig89,
  KEY           = "Robotics",
  AUTHOR        = "J.J. Craig",
  TITLE         = "Introduction to {ROBOTICS} --- {M}echanics and
                   {C}ontrol",
  EDITION        = "2nd.",
  SERIES        = "Electrical and Computer Engineering:
                   Control Engineering",
  PUBLISHER     = AW,
  YEAR          = "(1986) 1989",
  ANNOTE        = ""}

@INPROCEEDINGS{Gorla88,
  KEY           = "Robotics",
  AUTHOR        = "B. Gorla and M. Renaud",
  TITLE         = "Models of Robot Manipulators",
  BOOKTITLE     = "See \cite{Boisonnat88}",
  PAGES         = "306--335",
  YEAR          = "1988",
  ANNOTE        = ""}

@BOOK{Yap85,
  KEY           = "Robotics",
  EDITOR        = "C. Yap and J.T. Schwartz",
  TITLE         = "Algorithmic and Geometric Aspects in Robotics",
  VOLUME        = "1",
  SERIES        = "Advance in Robotics",
  PUBLISHER     = "Lawrence Erlbaum Associates, Hillsdale, N.J., USA",
  YEAR          = "1987",
  ANNOTE        = ""}

@INBOOK{Hopcroft85,
  KEY           = "Robotics",
  AUTHOR        = "J.E. Hopcroft and D. Krafft",
  TITLE         = "The {C}hallenge of {R}obotics for {C}omputer
                   {S}cience",
  BOOKTITLE     = "See \cite{Yap85}",
  PAGES         = "",
  CHAPTER       = "",
  PUBLISHER     = "Lawrence Erlbaum Associates, Hillsdale, N.J., USA",
  YEAR          = "1987",
  ANNOTE        = ""}

@ARTICLE{Hopcroft86,
  KEY           = "Robotics",
  AUTHOR        = "J.E. Hopcroft",
  TITLE         = "The {I}mpact of {R}obotics on {C}omputer {S}cience",
  JOURNAL       = CACM,
  VOLUME        = "29",
  NUMBER        = "6",
  PAGES         = "486--498",
  MONTH         = "June",
  PUBLISHER     = ACM,
  YEAR          = "1986",
  ANNOTE        = ""}

@INPROCEEDINGS{Laugier88,
  KEY           = "Robotics",
  AUTHOR        = "C. Laugier",
  TITLE         = "Geometric {R}easoning in {M}otion {P}lanning",
  BOOKTITLE     = "See \cite{Boisonnat88}",
  PAGES         = "377--413",
  YEAR          = "1988",
  ANNOTE        = ""}

@INCOLLECTION{Lee83a,
  KEY           = "Robotics",
  AUTHOR        = "C.S. George Lee",
  TITLE         = "Robot {A}rm {K}inematics",
  BOOKTITLE     = "see \cite{Lee83}",
  EDITOR        = "C.S.G. Lee and R.C. Gonzalez and K.S. Fu",
  PAGES         = "47--65",
  PUBLISHER     = IEEECS,
  YEAR          = "1983",
  ANNOTE        = ""}

@INCOLLECTION{Lee83b,
  KEY           = "Robotics",
  AUTHOR        = "C.S. George Lee",
  TITLE         = "Robot {A}rm {D}ynamics",
  BOOKTITLE     = "see \cite{Lee83}",
  EDITOR        = "C.S.G. Lee and R.C. Gonzalez and K.S. Fu",
  PAGES         = "93--102",
  PUBLISHER     = IEEECS,
  YEAR          = "1983",
  ANNOTE        = ""}

@PROCEEDINGS{Lee83,
  KEY           = "Robotics",
  EDITOR        = "C.S.G. Lee and R.C. Gonzalez and K.S. Fu",
  TITLE         = "Tutorial on Robotics (see \cite{Lee83a,Lee83b})",
  PUBLISHER     = IEEECS,
  ORGANISATION  = IEEE,
  ADDRESS       = "IEEE Computer Society, P.O.Box 80452, Worldway Postal Center,
                   Los Angeles, California 90080, USA",
  YEAR          = "1983",
  ANNOTE        = ""}

@INCOLLECTION{Madhusudan90,
  KEY           = "Robotics",
  AUTHOR        = "Madhusdan Raghavan",
  TITLE         = "Manipulator Kinematics",
  BOOKTITLE     = "see \cite{AMS90}",
  EDITOR        = "J. Baillieul and D.P. Martin and R.W. Crockett
               and B.R. Donald and R.M. Murray and S. Shankar Sastry
               and Madhusudan Raghavan",
  CHAPTER       = "2",
  PAGES         = "21--47",
  PUBLISHER     = "American Mathematical Society, Rhode Island",
  YEAR          = "1990",
  ANNOTE        = ""}

@BOOK{McKerrow90,
  KEY           = "Robotics",
  AUTHOR        = "P. McKerrow",
  TITLE         = "Introduction to {ROBOTICS}",
  PUBLISHER     = AW,
  YEAR          = "1990",
  ANNOTE        = ""}

@BOOK{Nakamura90,
  KEY           = "Robotics",
  AUTHOR        = "Y. Nakamura",
  TITLE         = "Theory of {ROBOTICS}",
  PUBLISHER     = AW,
  YEAR          = "1990",
  ANNOTE        = ""}


@BOOK{Paul81,
  KEY           = "Robotics",
  AUTHOR        = "R.C. Paul",
  TITLE         = "Robot Manipulators: Mathematics, Programming, and Control",
  VOLUME        = "",
  SERIES        = "The MIT Press Series in Artificial Intelligence",
  PUBLISHER     = "The MIT Press, Cambridge, Mas. and London, England",
  YEAR          = "1981",
  ANNOTE        = ""}

@BOOK{Schilling90,
  KEY           = "Robotics",
  AUTHOR        = "R.C. Schilling",
  TITLE         = "Fundamentals of Robotics, Analysis and Control",
  PUBLISHER     = "Prentice-Hall International, Inc.",
  YEAR          = "1990",
  ANNOTE        = ""}


@BOOK{Tsuji91,
  KEY           = "Robotics",
  AUTHOR        = "S. Tsuji",
  TITLE         = "{AI}-{B}ased {ROBOTICS}",
  PUBLISHER     = AW,
  YEAR          = "1990",
  ANNOTE        = ""}

@BOOK{Trostmann86,
  KEY           = "Robotics",
  AUTHOR        = "E. Trostmann and H. Holm and B. Palstr{\"o}m and
                   J. Edemann",
  TITLE         = "Robotteknik {\em: eng.: Robotics}",
  SERIES        = "Lecture Notes",
  PUBLISHER     = "Dept. of Control Techniques, Techn. Univ. of
                   Denmark",
  MONTH         = "March",
  VOLUME        = "S 86.18",
  YEAR          = "1986",
  ANNOTE        = ""}

@BOOK{Yoshikawa90,
  KEY           = "Robotics",
  AUTHOR        = "T. Yoshikawa",
  TITLE         = "Foundations of Robotics",
  PUBLISHER     = "The MIT Press",
  YEAR          = "1990",
  ANNOTE        = ""}

@BOOK{Sandler91,
  KEY           = "Robotics",
  AUTHOR        = "Ben--Zion Sandler",
  TITLE         = "Robotics: {D}esigning the {M}echanisms
                   for {A}utomated {M}achinery",
  PUBLISHER     = "Prentice-Hall Intl. Editions",
  YEAR          = "1991",
  ANNOTE        = ""}

@BOOK{ProCoS:LNCS:92,
	KEY		= "procos",
	EDITOR		= "Anders P. Ravn et al.",
	TITLE		= "The ProCoS Project",
	PUBLISHER	= SV,
	VOLUME		= "5XX",
	YEAR		= "1992",
	SERIES		= LNCS}

@INPROCEEDINGS{hr4,
  KEY           = "Procos 5",
  AUTHOR        = "K.M. Hansen and H. Rischel and A.P. Ravn",
  TITLE         = "Specifying and {V}erifying {R}equirements of
{R}eal-{T}ime {S}ystems",
  PUBLISHER     = "ACM Press",
  BOOKTITLE     = "Software for {C}ritical {S}ystems",
  ORGANISATION  = "Assoc. for {C}omputing {M}achinery",
  MONTH         = "December 4--6",
  YEAR          = "1991",
  ANNOTE        = ""}

@PROCEEDINGS{procos1,
  KEY           = "Procos 1",
  EDITOR        = "A.P. Ravn",
  TITLE         = "ProCoS: {P}rovably {C}orrect {S}ystems, vol.1 ---
{D}evelopment of {E}mbedded, {R}eal-{T}ime {C}omputing {S}ystems",
  PUBLISHER     = "tbd",
  ORGANISATION  = "The ESPRIT BRA 3104 ProCoS Project",
  MONTH         = "November",
  YEAR          = "1991",
  ANNOTE        = ""}

@PROCEEDINGS{procos2,
  KEY           = "Procos 2",
  EDITOR        = "J.F. He and E.-R. Olderog",
  TITLE         = "{P}ro{C}o{S}: {P}rovably {C}orrect {S}ystems, vol.2
--- Language Interfaces for Concurrent Systems",
  PUBLISHER     = "tbd",
  ORGANISATION  = "The ESPRIT BRA 3104 ProCoS Project",
  MONTH         = "November",
  YEAR          = "1991",
  ANNOTE        = ""}

@PROCEEDINGS{procos3,
  KEY           = "Procos 3",
  EDITOR        = "B. von Karger and H.H. L{\o}vengreen",
  TITLE         = "{P}ro{C}o{S}: {P}rovably {C}orrect {S}ystems, vol.3
--- Base Systems Development: Compilers and Kernels",
  PUBLISHER     = "tbd",
  ORGANISATION  = "The ESPRIT BRA 3104 ProCoS Project",
  MONTH         = "November",
  YEAR          = "1991",
  ANNOTE        = ""}

@PROCEEDINGS{procos4,
  KEY           = "Procos 4",
  EDITOR        = "H. Rischel",
  TITLE         = "{P}ro{C}o{S}: {P}rovably {C}orrect {S}ystems, vol.4
Selected Papers",
  PUBLISHER     = "tbd",
  ORGANISATION  = "The ESPRIT BRA 3104 ProCoS Project",
  MONTH         = "November",
  YEAR          = "1991",
  ANNOTE        = ""}

@TECHREPORT{MILHDBK217,
  AUTHOR	= "Anon",
  TITLE		= "Reliability Prediction of Electronic Equipment",
  INSTITUTION	= "DoD: US Department of Defense",
  YEAR		= "October 1986",
  NUMBER	= "Military Handbook 217"}

@TECHREPORT{DSB-ENVIR,
  AUTHOR	= "Anon",
  TITLE		= "Description of operating environments for
  railway equipment",
  INSTITUTION	= "DSB (Danish National Railways)",
  YEAR		= "1989",
  NUMBER	= ""}

@TECHREPORT{DSB-SPEC,
  AUTHOR	= "Anon",
  TITLE		= "SPECIFIKATION FOR T{\AE}NDE/SLUKKESYSTEMER TIL
  OVERK{\O}RSELSANL{\AE}G FOR FRIBANE (Specification of turn-on/off
systems for free-rail level crossings)",
  INSTITUTION	= "DSB, Elektrotjenesten, Ingeni{\o}rkontoret
(Danish National Railways, Electro Service Division, Office of
Engineering)",
  YEAR		= "November 10, 1986",
  NUMBER	= ""}

@TECHREPORT{SPP,
  AUTHOR      = "S.P. Petersen",
  TITLE       = "Elektronik Til Gastekniske Installationer",
  INSTITUTION = "Elektronik Centralen, H{\o}rsholm, Danmark",
  YEAR        = "November 1989",
  NUMBER      = "Projekt nr. 3316F20"}

@INPROCEEDINGS{LAP,
  AUTHOR      = "J.C. Laprie",
  TITLE       = "Dependable computing and fault tolerance:
                 concepts and terminology",
  BOOKTITLE   = "15th. Int. Symp. on Fault-tolerant computing",
  PUBLISHER   = "IEEE",
  YEAR        = "1985",
  NUMBER      = ""}

@TECHREPORT{JRT,
  AUTHOR      = "J.R. Taylor",
  TITLE       = "Reliability Of Electronic Equipment For Use
In Gas Installation: General Risk Philosophy",
  INSTITUTION = "ITSA: Institute for Technical Systems Analysis, Denmark",
  YEAR        = "January 1987",
  NUMBER      = ""}

@TECHREPORT{APHREV,
  AUTHOR      = "A.P.Ravn and H.Rischel and E.V.S{\o}rensen",
  TITLE       = "Control Program for a Gas Burner: Requirements,
                 {P}ro{C}o{S} Case Study 0",
  INSTITUTION = "ID/DTH",
  YEAR        = "Oct. 16, 1989",
  NUMBER      = ""}

@TECHREPORT{C1008,
  AUTHOR      = "Anon",
  TITLE       = "Gasreglementets afsnit C-1008:
      Forskrifter for gasbl{\ae}seluftbr{\ae}ndere med
      belastninger over 120 kW. (The Danish regulations
      for large forced draught gas burners)",
  INSTITUTION = "Danmarks Gasmateriel Pr{\o}vning (DGP), Hellerup, Danmark",
  YEAR        = "September 1983",
  NUMBER      = ""}

@TECHREPORT{LaCoS1,
  AUTHOR      = "Anon",
  TITLE       = "{L}a{C}o{S} Application Summaries",
  INSTITUTION = "The {L}a{C}o{S} Consortium",
  YEAR        = "1991",
  MONTH       = "",
  NUMBER      = "LACOS/CRI/BD"}

@TECHREPORT{Matra1,
  AUTHOR      = "M. Abdelaziz",
  TITLE       = "Choosing an {RSL} Style",
  INSTITUTION = "Matra Transportation",
  YEAR        = "1991",
  MONTH       = "25 June",
  NUMBER      = "LACOS/MATRA/MA/005/V1"}


@TECHREPORT{Matra2,
  AUTHOR      = "M. Abdelaziz",
  TITLE       = "An {RSL} Specification of an Automatic Train System",
  INSTITUTION = "Matra Transportation",
  YEAR        = "1991",
  MONTH       = "8 July",
  NUMBER      = "LACOS/MATRA/MA/003/V1"}

@TECHREPORT{Matra3,
  AUTHOR      = "M. Abdelaziz",
  TITLE       = "The {M}.{U}. Kernel in Four Styles",
  INSTITUTION = "Matra Transportation",
  YEAR        = "1991",
  MONTH       = "23 July",
  NUMBER      = "LACOS/MATRA/MA/004/V2"}


@ARTICLE{Willems91a,
	AUTHOR	= "J.C. Willems",
	TITLE	= "Paradigms and Puzzles in the Theory of
		   Dynamical Systems",
	JOURNAL	= "IEEE Trans. on Automatic Control",
      PUBLISHER = IEEE,
	VOLUME  = "36",
	NUMBER  = "3",
	MONTH   = "March",
	YEAR    = "1991",
	PAGES	= "259--294"}


@INPROCEEDINGS{Brooks86a,
	AUTHOR	= "F.P. Brooks Jr.",
	TITLE	= "No Silver Bullet: Essence and Accidents of
		   Software Engineering",
     BOOKTITLE	= "Information Processing '86",
      PUBLISHER = NH,
       NOTE	= "IFIP World Computer Congress",
       EDITOR   = "H.-J. Kugler",
	YEAR    = "1986",
	PAGES	= "1069--1076"}

@ARTICLE{Harel92a,
	AUTHOR	= "D. Harel",
	TITLE	= "Biting the Silver Bullet",
	JOURNAL	= "IEEE Computer",
      PUBLISHER = IEEE,
	VOLUME  = "25",
	NUMBER  = "1",
	MONTH   = "January",
	YEAR    = "1992",
	PAGES	= "8--20"}


@ARTICLE{Moore89a,
	AUTHOR	= "J Strother Moore",
	TITLE	= "System Verification",
	JOURNAL	= "Journal of Automated Reasoning",
      PUBLISHER = "Kluwer Academic Publishers, Dordrecht,
		   The Netherlands",
	VOLUME  = "5",
	NUMBER  = "4",
	NOTE	= "Special Issue on System Verification",
	MONTH   = "December",
	YEAR    = "1989",
	PAGES	= "409--410"}

@ARTICLE{Bevier89a,
	AUTHOR	= "W.R. Bevier and W.A. Hunt Jr. and
		   J Strother Moore and W.D. Young ",
	TITLE	= "An Approach to System Verification",
	JOURNAL	= "Journal of Automated Reasoning",
      PUBLISHER = "Kluwer Academic Publishers, Dordrecht,
		   The Netherlands",
	VOLUME  = "5",
	NUMBER  = "4",
	NOTE	= "Special Issue on System Verification",
	MONTH   = "December",
	YEAR    = "1989",
	PAGES	= "411--428"}

@ARTICLE{Hunt89a,
	AUTHOR	= "W.A. Hunt Jr.",
	TITLE	= "Microprocessor Design Verification",
	JOURNAL	= "Journal of Automated Reasoning",
      PUBLISHER = "Kluwer Academic Publishers, Dordrecht,
		   The Netherlands",
	VOLUME  = "5",
	NUMBER  = "4",
	NOTE	= "Special Issue on System Verification",
	MONTH   = "December",
	YEAR    = "1989",
	PAGES	= "429--460"}

@ARTICLE{Moore89b,
	AUTHOR	= "J Strother Moore",
	TITLE	= "A Mechanically Verified Language Implementation",
	JOURNAL	= "Journal of Automated Reasoning",
      PUBLISHER = "Kluwer Academic Publishers, Dordrecht,
		   The Netherlands",
	VOLUME  = "5",
	NUMBER  = "4",
	NOTE	= "Special Issue on System Verification",
	MONTH   = "December",
	YEAR    = "1989",
	PAGES	= "461--492"}

@ARTICLE{Young89a,
	AUTHOR	= "W.D. Young",
	TITLE	= "A Mechanically Verified Code Generator",
	JOURNAL	= "Journal of Automated Reasoning",
      PUBLISHER = "Kluwer Academic Publishers, Dordrecht,
		   The Netherlands",
	VOLUME  = "5",
	NUMBER  = "4",
	NOTE	= "Special Issue on System Verification",
	MONTH   = "December",
	YEAR    = "1989",
	PAGES	= "493--518"}

@ARTICLE{Bevier89b,
	AUTHOR	= "W.R. Bevier",
	TITLE	= "{\sc Kit} and the {\sc Short Stack}",
	JOURNAL	= "Journal of Automated Reasoning",
      PUBLISHER = "Kluwer Academic Publishers, Dordrecht,
		   The Netherlands",
	VOLUME  = "5",
	NUMBER  = "4",
	NOTE	= "Special Issue on System Verification",
	MONTH   = "December",
	YEAR    = "1989",
	PAGES	= "519--530"}

@ARTICLE{Bevier89c,
	AUTHOR	= "W.R. Bevier",
	TITLE	= "{\sc Kit:} A Study in Operating System Verification",
	JOURNAL	= "IEEE Transactions on Software Engineering",
      PUBLISHER = IEEE,
	VOLUME  = "15",
	NUMBER  = "11",
	MONTH   = "November",
	YEAR    = "1989",
	PAGES	= "1382--1396"}


@ARTICLE{Leveson91,
	AUTHOR	= "M.S. Jaffe and N.G. Leveson and M.P.E. Heimdahl
		   and B.E. Melhart",
	TITLE	= "Software Requirements Analysis for Real-Time
		   Process Control Systems",
	JOURNAL	= "IEEE Trans. Software Engineering",
      PUBLISHER = IEEE,
	VOLUME  = "17",
	NUMBER  = "3",
	MONTH   = "March",
	YEAR    = "1991",
	PAGES	= "241--258"}


@ARTICLE{Freeman91,
	AUTHOR	= "A.M. Davis and P.A. Freeman",
	TITLE	= "Guest Editor's Introduction: Requirements
		   Engineering",
	JOURNAL	= "IEEE Trans. Software Engineering",
      PUBLISHER = IEEE,
	VOLUME  = "17",
	NUMBER  = "3",
	MONTH   = "March",
	YEAR    = "1991",
	PAGES	= "210--211"}

@ARTICLE{savrorts92,
	AUTHOR	= "A.P. Ravn and H. Rischel and K.M. Hansen",
	TITLE	= "Specifying and Verifying Requirements of
		   Real-Time Systems",
	JOURNAL	= "IEEE Trans. Software Engineering",
      PUBLISHER = IEEE,
	VOLUME  = "18",
	MONTH   = "",
	YEAR    = "1992",
	PAGES	= ""}

@ARTICLE{Mok86,
	AUTHOR	= "F. Jahanian and A.K.-L. Mok",
	TITLE	= "Safety Analysis of Timing Properties
		   in Real-Time  Systems",
	JOURNAL	= "IEEE Trans. Software Engineering",
      PUBLISHER = IEEE,
	VOLUME  = "12",
	NUMBER  = "9",
	MONTH   = "September",
	YEAR    = "1986",
	PAGES	= "890--904"}

@ARTICLE{Shaw89,
	AUTHOR	= "A.C. Shaw",
	TITLE	= "Reasoning about Time in Higher-Level Language Software",
	JOURNAL	= "IEEE Trans. Software Engineering",
      PUBLISHER = IEEE,
	VOLUME  = "15",
	NUMBER  = "7",
	MONTH   = "July",
	YEAR    = "1989",
	PAGES	= "875--889"}

@INPROCEEDINGS{PnueliHarel,
	AUTHOR	= "A. Pnueli and E. Harel",
	TITLE	= "Applications of Temporal Logic to the Specification
		   of Real-Time Systems (extended abstract)",
     BOOKTITLE	= "Symposium on Formal Techniques in Real-Time and
		   Fault-Tolerant Systems",
      PUBLISHER = SV,
	SERIES  = LNCS,
	VOLUME  = "331",
	EDITOR	= "M. Joseph",
	YEAR    = "1988",
	PAGES	= "84--98"}

@ARTICLE{Koymans,
	AUTHOR	= "R. Koymans",
	TITLE	= "Specifying Real-Time Properties with
		   Metric Temporal Logic",
	JOURNAL	= "Real-Time Systems",
      PUBLISHER = "Kluwer Academic Publishers",
	VOLUME  = "2",
	NUMBER  = "4",
	YEAR    = "1990",
	PAGES	= "255--299"}

@INPROCEEDINGS{Goswami,
	AUTHOR	= "A. Goswami and M. Bell and M. Joseph",
	TITLE	= "ISL: An Interval Logic for the Specification
		   of Real-Time Programs",
	BOOKTITLE	= "Intl. Symp. on Formal Techniques in
			Real-Time and Fault-Tolerant Systems",
	EDITOR	= "J. Vytopil",
      PUBLISHER = SV,
	SERIES	= LNCS,
	VOLUME  = "571",
	YEAR    = "1991",
	PAGES	= "1--20"}

@ARTICLE{evs-ieee-tse,
	AUTHOR	= "E.V. S{\o}rensen and N.H. Hansen and J. Nordahl",
	TITLE	= "From {CSP} Models to {M}arkov Models: A {C}ase {S}tudy",
	JOURNAL	= "IEEE Trans. Software Engineering",
      PUBLISHER = IEEE,
	VOLUME  = "18",
	MONTH   = "",
	YEAR    = "1992",
	PAGES	= ""}

@ARTICLE{Heninger80,
	AUTHOR	= "K.L. Heninger",
	TITLE	= "Specifying Software for Complex Systems: New
		   Techniques and their Application",
	JOURNAL	= "IEEE Trans. Software Engineering",
      PUBLISHER = IEEE,
	VOLUME  = "6",
	NUMBER  = "1",
	MONTH   = "January",
	YEAR    = "1980",
	PAGES	= "2--13"}

@ARTICLE{Parnas86,
	AUTHOR	= "D.L. Parnas and P.C. Cements",
	TITLE	= "A Rational Design Process: How and Why to Fake it",
	JOURNAL	= "IEEE Trans. Software Engineering",
      PUBLISHER = IEEE,
	VOLUME  = "12",
	NUMBER  = "2",
	MONTH   = "February",
	YEAR    = "1986",
	PAGES	= "251--257"}

@BOOK{Billingsley89,
AUTHOR    = "J. Billingsley",
TITLE     = "Controlling with {C}omputers: {C}ontrol {T}heory and
             {P}ractical {D}igital {S}ystems",
PUBLISHER = "McGraw-Hill",
YEAR      = "1989",
SERIES    = ""}

@BOOK{ro-Ljung87,
AUTHOR    = "L. Ljung",
TITLE     = "System {I}dentification: {T}heory for the {U}ser",
PUBLISHER = "Prentice-Hall",
YEAR      = "1987",
SERIES    = "Information and Systems Sciences"}

@BOOK{Luenberger79,
AUTHOR    = "D.G. Luenberger",
TITLE     = "Introduction to {D}ynamic {S}ystems {T}heory:
             {T}heory, {M}odels \& {A}pplications",
PUBLISHER = "Wiley",
YEAR      = "1979",
SERIES    = ""}

@TECHREPORT{JiFeng91,
    author = "He Jifeng",
    title = "Specification-{O}riented {S}emantics for {P}ro{C}o{S}
             {P}rogramming {L}anguage {PL}$^{\mbox{\rm time}}$",
    institution = "ProCoS, ESPRIT BRA 3104, PRG, Oxford University",
    month = "5",
    year = "1991",
    number = "PRG/OU HJF7/1",
    loca = "prog-semantics"}

@UNPUBLISHED{ Nordahl89,
    author = "J. Nordahl",
    title = "A {R}eal-{T}ime {T}emporal
{L}ogic {S}pecification of a {S}afety
             {C}ritical {S}ystem",
    institution = "ID/DTH",
    month = "9",
    year = "1989",
    note = "ProCoS Working Paper",
    loca = "???" }

@INPROCEEDINGS{imacs91-example,
    author = "A. P. Ravn and  H. Rischel",
    title = "Requirements {C}apture for {E}mbedded {R}eal-{T}ime {S}ystems",
    booktitle = "Proceedings of IMACS-MCTS'91 Symposium on Modelling
                 and Control of Technological Systems,
                 Villeneuve d'Ascq, France, May 7-10, 1991",
    volume = "2",
    pages = "147-152",
    month = "May",
    year = "1991",
    organization = "IMACS",
    loca = "Own originals" }

@UNPUBLISHED{Sorensen89,
    author = "E. V. S{\o}rensen",
    title = "On the Specification of Dependability Requirements
             involving Time Integration",
    month = "9",
    year  = "1989",
    note  = "ProCoS Working Paper",
    loca  = "???" }


@TECHREPORT{MRH91,
    author = "M. R. Hansen and Zhou ChaoChen",
    title = "Semantics and {C}ompleteness of  {D}uration {C}alculus",
    institution = "ProCoS, ESPRIT BRA 3104, ID/DTH, Lyngby, Denmark",
    number = "ID/DTH MRH 6",
    month = "Dec.",
    note = "Presented at REX'91 symposium, and published in
REX'91 Proceedings, 1992.",
    year = "1991",
    loca = "Shelf-3" }

@UNPUBLISHED{CaptLang,
    author = "Zhou ChaoChen and M. R. Hansen and A. P. Ravn and H. Rischel",
    title = "A {R}equirements {D}efinition {L}anguage",
    institution = "ID/DTH, Lyngby, Denmark",
    note = "In preparation",
    year = "1992",
    loca = "Shelf-3" }

@INPROCEEDINGS{scheduling,
    author = "Zhou Chaochen and M. R. Hansen and A. P. Ravn and H. Rischel",
    title = "Duration {S}pecifications for {S}hared {P}rocessors",
    booktitle = "Proceedings Symp. on Formal Techniques
                 in Real-Time and Fault-Tolerant
                 Systems, Nijmegen 6-10 Jan. 1992",
    series = "LNCS",
    year = "1992",
    loca = "Shelf-3" }

@TECHREPORT{circuits,
    author = "M. R. Hansen and Zhou Chaochen and J. Staunstrup",
    title = "A {R}eal-{T}ime {D}uration {S}emantics for {C}ircuits",
    institution = "ProCoS, ESPRIT BRA 3104, ID/DTH, Lyngby, Denmark",
    number = "ID/DTH MRH 8",
    note = "to be presented: Tau92: 1992 Workshop on Timing 
		Issues in Specification
            and Synthesis of Digital Systems, Princeton, March 18-20, 1992",
    year = "1992",
    loca = "Shelf-3" }

@TECHREPORT{soerts91,
    author = "Jens U. Skakkeb{\ae}k and Anders P. Ravn and Hans
Rischel and Zhou ChaoChen",
    title = "Specification of {E}mbedded, {R}eal-time {S}ystems",
    institution = ID,
    month = "EuroMicro Workshop on Formal Methods for Real-time
Systems, 1992",
    year = "December 1991",
    number = ""}

@TECHREPORT{skakkebaek,
    author = "Jens U. Skakkeb{\ae}k and Anders P. Ravn and Hans
Rischel and Zhou ChaoChen",
    title = "Specification of {E}mbedded, {R}eal-time {S}ystems",
    institution = ID,
    month = "EuroMicro Workshop on Formal Methods for Real-time
Systems, 1992",
    year = "December 1991",
    number = ""}

@TECHREPORT{KMH-dvrst-92,
    author = "Kirsten Mark Hansen and Anders Peter Ravn and Hans Rischel",
    title = "Designing {V}erified {R}eal-time {S}ystems",
    institution = ID,
    month = "Submitted for EuroMicro '92, Paris",
    year = "28 Jan. 1992",
    number = ""}

@TECHREPORT{durlift,
    author = "Kirsten Mark Hansen",
    title = "Designing a {L}ift {C}ontrol {S}ystem",
    institution = ID,
    month = "February",
    year = "1992",
    number = "{\sf ProCoS}"}

@TECHREPORT{dopcs91,
    author = "Jens Ulrik Skakkeb{\ae}k",
    title = "Development of {P}rovably {C}orrect {S}ystems",
    institution = ID,
    month = "30 August 1991",
    year = "M.Sc. Thesis",
    number = ""}

@TECHREPORT{apdc,
    author = "Liu ZhiMing and  A.P. Ravn  and E.V. S{\o}rensen and
	 Zhou ChaoChen",
    title = "A {P}robabilistic {D}uration {C}alculus",
    institution = ID,
    month = "February",
    year = "1992",
    note = "Submitted for: 2nd Intl. Workshop on Responsive
	    Systems, Japan, 1992",
    number = ""}

