
@Book{chicago69-82,
  editor = 	 "Editorial Staff of the University of
                  Chicago Press",
  title = 	 "{The Chicago manual of Style}",
  publisher = 	 "University of
                  Chicago Press",
  year = 	 "1969 (1st ed,), 1982 (13'th ed.)",
  address = 	 "Chicago (Ill., USA) and London (UK)",
  OPTnote = 	 ""
}

