

@Book{Tennent97,
  author = 	 "Robert Tennent",
  title = 	 "{The Semantics of Programming Languages}",
  publisher = 	 "Prentice--Hall Intl.",
  year = 	 "1997",
  OPTseries = 	 "C.A.R. Hoare Series in Computer Science",
  note = 	 "",
  OPTannote = 	 ""
}


@Book{Reynolds99,
  author = 	 "John C. Reynolds",
  title = 	 "{The Semantics of Programming Languages}",
  publisher = 	 "Cambridge University Press",
  year = 	 "1999",
  OPTkey = 	 "",
  OPTeditor = 	 "",
  OPTvolume = 	 "",
  OPTnumber = 	 "",
  OPTseries = 	 "",
  OPTaddress = 	 "",
  OPTedition = 	 "",
  OPTmonth = 	 "",
  OPTnote = 	 "",
  OPTannote = 	 ""
}


@Article{i-dahlberg78a,
  author = 	 "Ingetraut Dahlberg",
  title = 	 "{A Referent\--Oriented, Analytical
                   Concept Theory for \textsc{Interconcept}}",
  journal = 	 "International Classification",
  year = 	 "1978",
  volume = 	 "5",
  number = 	 "3",
  pages = 	 "142--151",
  OPTnote = 	 ""}


@Book{co-design-97,
  editor    = "J. Staunstrup and W. Wolff",
  title     = "{Hardware/Software Co-Design: 
                Principles and Practice}",
  series    = "{}",
  publisher = "{Kluwer Academic press}",
  year      = "{1997}",
  address   = "{Dordrecht, The Netherlands}",
  note      = ""}

@Book{comp-arch-95,
  key = "{JLH+DAP95}",
  author    = "John L. Hennessy and David A. Patterson",
  title     = "{Computer Architecture: a 
                Quantitative Approach}",
  OPTseries    = "{}",
  publisher = "{Morgan Kaufmann; ISBN: 1558603727}",
  year      = "{1995}",
  month     = "{29 November}",
  OPTsaddress   = "{}",
  OPTsnote      = ""}

@Book{comp-org-98,
  key = "{JLH+DAP98}",
  author    = "David A. Patterson and John L. Hennesey",
  title     = "{Computer Organization and Design}",
  OPTseries    = "{}",
  publisher = "{Morgan Kaufmann; ISBN: 155860491X}",
  year      = "{1998}",
  month     = "{31 January}",
  OPTaddress   = "{}",
  OPTnote      = ""}


@Book{pentium-98,
  author    = "Walter A. Triebel",
  title     = "{The 80386, 80486, and Pentium Microprocessors}",
  OPTseries    = "{}",
  publisher = "{Prentice Hall International 
                Paperback Editions}",
  year      = "{1998}",
  month     = "{January }",
  OPTaddress   = "{}",
  OPTnote      = ""}




@Book{java-vm-99a,
  author    = "Bill Venners",
  title     = "{Inside the Java 2.0 Virtual Machine 
                (Enterprise Computing)}",
  OPTseries    = "{}",
  publisher = "{McGraw-Hill; ISBN: 0071350934}",
  year      = "{1999}",
  month     = "{October}",
  OPTaddress   = "{}",
  OPTnote      = ""}


@Book{java-vm-97a,
  key = "{JMaTDaAS}",
  author    = "Jon Meyer and Troy Downing and 
                Andrew Shulmann, eds.",
  title     = "{Java Virtual Machine}",
  series    = "{Java Series}",
  publisher = "{O'Reilly \& Associates; ISBN: 1565921941}",
  year      = "{1997}",
  month     = "{April}",
  OPTaddress   = "{}",
  OPTnote      = ""}

