


@inbook{Andre-x,
AUTHOR       = "Charles Andr{\'e}",
TITLE        = "{Representation and 
Analysis of Reactive Behaviors: A Synchronous Approach}",
BOOKTITLE    = "{CESA'96, Lille(F)}",
PUBLISHER    = "IEEE-SMC",
PAGES        = "",
YEAR         = "July 9-12, 1996",
NOTE         = "\dbabstract{.} \dbkey{}"}


@article{Mar91-x,
AUTHOR       = "F. Maraninchi",
TITLE        = "{The Argos language: Graphical Representation of
		  Automata and Description of Reactive Systems}", 
JOURNAL      = " Proc. IEEE International Conference on Visual Languages",
VOLUME       = "",
NUMBER       = "",
PAGES        = "",
YEAR         = "1991",
NOTE         = ""}

@book{HCP91-x,
AUTHOR       = "N. Halbwachs",
TITLE        = "{Synchronous programming of reactive systems}",
PUBLISHER    = "Kluwer Academic Pub.",
YEAR         = "1993",
NOTE         = ""}

@inbook{GBG91-x,
AUTHOR       = "Albert Benveniste and Michel Le Borgne and Paul Le Guernic",
TITLE        = "{SIGNAL as a Model for Real-Time and Hybrid Systems}",
EDITOR       = "",
BOOKTITLE    = "{European Symposium on Programming (ESOP)}",
PUBLISHER    = "Lecture Notes in Computer Science, Springer\--Verlag",
PAGES        = "20--38",
YEAR         = "1992",
NOTE         = ""}

          @ARTICLE{HCP-1,
          AUTHOR={N. Halbwachs and P. Caspi and P. Raymond and D. Pilaud},
          TITLE={The synchronous dataflow programming language Lustre},
          JOURNAL={Proceedings of the IEEE},
          VOLUME={79},
          NUMBER={9},
          PAGES={1305-1320},
          MONTH={September},
          YEAR={1991}
          }

@article{BerryGonthier92-x,
AUTHOR       = "G. Berry and G. Gonthier",
TITLE        = "{The Synchronous Programming Language ESTEREL: Design,
		  Semantics, Implementation}", 
JOURNAL      = "Sience of Computer
Programming",
VOLUME       = "19",
NUMBER       = "2",
PAGES        = "83-152",
YEAR         = "1992",
NOTE         = ""}



@proceedings{SteamBoiler-x,
EDITOR       = "Jean--Raymond Abrial and Egon B{\"o}rger and Hans Langmaack",
TITLE    = "Formal Methods for Industrial Applications: Specifying
		  and Programming the Steam Boiler Control",
PUBLISHER = "Springer--Verlag, Lecture Notes in Computer Science,
Vol. LNCS 1165",
YEAR         = "1997",
OPTNOTE         = "\dbabstract{This book, with the CD-ROM included, is the
		  documentation of a unique collaborative effort in
		  evaluating formal methods for usage under industrial
constraints: the major techniques for formally supported
		  specification, design, and verification of large
		  programs and complex systems are applied to 
a non-trivial and non-academic problem which is typical for industrial
		  informal requirements specifications.  

The 21 papers included in the book, together with an introduction and
		  competition report, were selected from 33 candidate
		  solutions. This book 
comes with a CD-ROM containing, besides the printed papers, executable
		  code, full definitions of all parts of the
		  specifications, and detailed 
descriptions of foundational matters where appropriate}"}



@book{OUP1,
EDITOR      = "D. Gabbay and C. J. Hogger and J. A. Robinson",
TITLE        = "{Handbook of Logic in Artificial Intelligence
       and Logic Programming: Logical Foundations}",
PUBLISHER    = "Oxford Science Publications, Oxford University
Press, Clarendon Press",
YEAR         = "1993",
NOTE         = ""}

@book{OUP2,
EDITOR      = "D. Gabbay and C. J. Hogger and J. A. Robinson",
TITLE        = "{Handbook of Logic in Artificial Intelligence
       and Logic Programming: Deduction Methodologies}",
PUBLISHER    = "Oxford Science Publications, Oxford University
Press, Clarendon Press",
YEAR         = "1994",
NOTE         = ""}

@book{OUP1234,
EDITOR      = "D. Gabbay and C. J. Hogger and J. A. Robinson",
TITLE        = "{Handbook of Logic in Artificial Intelligence
       and Logic Programming. Vol.1: Logical Foundations,
Vol.2: Deduction Methodologies,
Vol.3: Nonmonotonic Reasoning and
        Uncertain Reasoning
Vol.4: Epistemic and Temporal Reasoning}",
PUBLISHER    = "Oxford Science Publications, Oxford University
Press, Clarendon Press",
YEAR         = "1993",
NOTE         = ""}

@book{OUP3,
EDITOR      = "D. Gabbay and C. J. Hogger and J. A. Robinson",
TITLE        = "{Handbook of Logic in Artificial Intelligence
       and Logic Programming: Nonmonotonic Reasoning and
        Uncertain Reasoning}",
PUBLISHER    = "Oxford Science Publications, Oxford University
Press, Clarendon Press",
YEAR         = "1994",
NOTE         = ""}

@book{OUP4,
EDITOR      = "D. Gabbay and C. J. Hogger and J. A. Robinson",
TITLE        = "{Handbook of Logic in Artificial Intelligence
       and Logic Programming: Epistemic and Temporal Reasoning}",
PUBLISHER    = "Oxford Science Publications, Oxford University
Press, Clarendon Press",
YEAR         = "1995",
NOTE         = ""}


@Book{McC90,
author = "John McCarthy",
title = "Formalization of common sense, papers by {J}ohn
{M}c{C}arthy edited by {V}. {L}ifschitz",
publisher = "Ablex",
year = "1990",
}

@article{McC80,
author = "John McCarthy",
title = "Circumscription---A Form of Non-Monotonic Reasoning",
note = {Reprinted in \cite{McC90}},
journal = {Artificial Intelligence},
year = 1980,
volume = 13,
pages = "27--39"}


@article{McC86,
author = "John McCarthy",
title = "Applications of Circumscription to Formalizing Common Sense 
Knowledge",
note = {Reprinted in \cite{McC90}},
journal = {Artificial Intelligence},
year = 1986,
volume = 28,
pages = "89--116"}











@inproceedings{Gur94-x,
AUTHOR       = "Andreas Blass and Yuri Gurevich",
TITLE        = "{Evolving Algebras and Linear
		  Time Hierarchy}",
BOOKTITLE    = "IFIP 
       13th World Computer Congress 1994, Volume I: Technology and
		  Foundations",
EDITOR       = "B. Pehrson 
       and I. Simon",
PAGES        = "383-390",
ORGANIZATION = "North-Holland,  Amsterdam",
YEAR         = "1994",
NOTE         = ""}


@book{Polya-x,
AUTHOR       = "G. Polya",
TITLE        = "{How To Solve It}",
PUBLISHER    = "Princeton University Press",
YEAR         = "1957",
EDITION = "Second",
NOTE         = ""}


@inbook{Gur93a,
AUTHOR       = "Yuri Gurevich",
TITLE        = "{Evolving Algebras 1993: Lipari Guide}",
EDITOR       = "E. B{\"o}rger",
BOOKTITLE    = "{Specification and Validation 
       Methods}",
PUBLISHER    = "Oxford University Press",
PAGES        = "9--36",
YEAR         = "1995",
NOTE         = ""}


@inbook{Gur93b,
AUTHOR       = "Yuri Gurevich",
TITLE        = "{Evolving Algebras: An Attempt to Discover
		  Semantics}",
EDITOR       = "G. Rozenberg and A. Salomaa",
BOOKTITLE    = "{Current Trends in 
       Theoretical Computer Science}",
PUBLISHER    = "World Scientific",
PAGES        = "",
YEAR         = "1993",
NOTE         = ""}



@techreport{Boyer,
AUTHOR       = "Robert S.\ Boyer",
TITLE        = "{The Rigor Resolution}",
INSTITUTION  = "University of Teas at Austin",
ADDRESS      = "USA",
YEAR         = "1995",
NOTE         = "\\ See {\tt http://www.cs.utexas.edu/users/boyer/index.html}"}


@inproceedings{Berry98-x,
author = "Gerard Berry",
title = "The Foundations of  Esterel",
booktitle = "Proof, Language and Interaction: Essays in
             Honour of Robin Milner",
editor = "G. Plotkin, C. Stirling and M. Tofte",
publisher = "The MIT Press",
year = "1998"}

@Book{PerMartinLoef,
author = " Bengt Nordstr{\"o}m and Kent Petersson and
		  Jan M. Smith",
title = "Programming in Martin-L{\"o}f's Type Theory
                                  An Introduction",
publisher = "Clarendon Press",
address = "Oxford University Press, Oxford, England",
pages = "232",
series = "International Series
		  of Monographs on Computer Science",
volume = "7",
year = "1990",
month = "June",
note = "\dbabstract{Hardback, 0-19-853814-6; UK Price: 29.50.\\
                                  In recent years several formalisms
		  for program construction have been introduced. One
		  such formalism is the 
                                  type theory developed by Per
		  Martin-Löf. It is well suited as a theory for
		  program construction since it is 
                                  possible to express both
		  specifications and programs within the same
		  formalism. Furthermore, the proof rules 
                                  can be used to derive a correct
		  program from a specification as well as to verify
		  that a given program has a certain 
                                  property. This book contains an
		  introduction to type theory as a theory for program
		  construction}"}
            
@Book{Gray93,
  author =       "James Gray and Andreas Reuter",
  title =        "{Transaction Processing : Concepts and Techniques}",
  publisher =    "Morgan Kaufmann",
  year =         "1993",
  series =       "{Series in Data Management Systems}",
  note =         "ISBN "
}
                             
                                
@Book{RISharp,
  author =       "Robin Sharp",
  title =        "{Principles of Protocol Design}",
  publisher =    "Prentice Hall",
  year =         "1994",
  series =       "International Series in Computer Science",
  note =         "ISBN 0-13-182155-5. A second edition has been
		  prepared. Contact the author at: Section on Computer
		  Science and Engineering, Department of Informatics
		  and Mathematical Modeling, Building 322, Technical
		  University of Denmark, DK--2800 Kgs.Lyngby, Denmark"
}

@Book{Wiederhold,
  author = 	 "Geo Wiederhold",
  title = 	 "{Database design}",
  publisher = 	 "McGraw-Hill",
  year = 	 "1983",
  OPTkey = 	 "",
  OPTeditor = 	 "",
  OPTvolume = 	 "",
  OPTnumber = 	 "",
  OPTseries = 	 "",
  address = 	 "New York,N.Y.",
  edition = 	 "2nd ed.",
  OPTmonth = 	 "",
  OPTnote = 	 "",
  OPTannote = 	 ""
}


@Book{GriesSchneider,
  author = 	 "David Gries and Fred B. Schneider",
  title = 	 "{A Logical Approach to Discrete Math}",
  publisher = 	 "Springer--Verlag",
  year = 	 "1993",
  OPTkey = 	 "",
  OPTeditor = 	 "",
  OPTvolume = 	 "",
  OPTnumber = 	 "",
  OPTseries = 	 "",
  OPTaddress = 	 "",
  OPTedition = 	 "",
  OPTmonth = 	 "",
  OPTnote = 	 "",
  OPTannote = 	 "\dbabstract{Here,
  the authors strive to change the way logic and
		  discrete math are taught in computer 
                science and mathematics: while many books treat logic
		  simply as another topic of study, this 
                one is unique in its willingness to go one step
		  further. The book traets logic as a basic tool 
                which may be applied in essentially every other area. 

                Computer Science Mathematics 

                "This is a rather extraordinary book, and deserves to
		  be read by everyone involved in 
                computer science and - perhaps more importantly -
		  software engineering. I recommend it 
                highly. ...If the book is taken seriously, the rigor
		  that it unfolds and the clarity of its concepts 
                could have a significant impact on the way in which
		  software is conceived and developed." - 
                Peter G. Neumann} "
}


@Book{Patterson,
  author = 	 "Patterson and Hennesey",
  title = 	 "{Guess: Machine Organisation}",
  publisher = 	 "???",
  year = 	 "???",
  OPTkey = 	 "",
  OPTeditor = 	 "",
  OPTvolume = 	 "",
  OPTnumber = 	 "",
  OPTseries = 	 "",
  OPTaddress = 	 "",
  OPTedition = 	 "",
  OPTmonth = 	 "",
  OPTnote = 	 "",
  OPTannote = 	 ""
}


@Book{Tenenbaum,
  author = 	 "Tenenbaum",
  title = 	 "{Guess: Architectures}",
  publisher = 	 "???",
  year = 	 "???",
  OPTkey = 	 "",
  OPTeditor = 	 "",
  OPTvolume = 	 "",
  OPTnumber = 	 "",
  OPTseries = 	 "",
  OPTaddress = 	 "",
  OPTedition = 	 "",
  OPTmonth = 	 "",
  OPTnote = 	 "",
  OPTannote = 	 ""
}

@Book{C++,
  author = 	 "Harvey M. Deitel and
Paul J. Deitel",
  title = 	 "{C++: How to Program}",
  publisher = 	 "Prentice Hall",
  year = 	 "1997",
  OPTkey = 	 "",
  OPTeditor = 	 "",
  OPTvolume = 	 "",
  OPTnumber = 	 "",
  series = 	 " Engineering, Science \& Math",
  OPTaddress = 	 "",
  edition = 	 "2nd",
  month = 	 "December",
  OPTnote = 	 "",
  OPTannote = 	 ""
}


@Book{Ada,
  author = 	 "",
  title = 	 "{Ada Book}",
  publisher = 	 "",
  year = 	 "",
  OPTkey = 	 "",
  OPTeditor = 	 "",
  OPTvolume = 	 "",
  OPTnumber = 	 "",
  OPTseries = 	 "",
  OPTaddress = 	 "",
  OPTedition = 	 "",
  OPTmonth = 	 "",
  OPTnote = 	 "",
  OPTannote = 	 ""
}

@book{Category2,
AUTHOR       = "M. Barr and G. Wells",
TITLE        = "{Category Theory for Computing Science}",
PUBLISHER    = "Prentice\--Hall",
YEAR         = "1990",
NOTE         = ""}

@book{Parallel,
AUTHOR       = "K.M. Chandy and J. Misra",
TITLE        = "{Parallel Program Design}",
PUBLISHER    = "Addison Wesley",
YEAR         = "1988",
NOTE         = ""}

@book{UniversalAlgebra,
AUTHOR       = "P. Cohn",
TITLE        = "{Universal Algebra}",
PUBLISHER    = "Reidel",
YEAR         = "1981",
NOTE         = ""}


@book{DijkstraFeijen,
AUTHOR       = "E.W. Dijkstra and W.H.L. Feijen",
TITLE        = "{A Method of Programming}",
PUBLISHER    = "Addison\--Wesley",
YEAR         = "1988",
NOTE         = ""}


@book{DijkstraScholten,
AUTHOR       = "E.W. Dijkstra and C.S. Scholten",
TITLE        = "{Predicate Calculus and Program Semantics}",
PUBLISHER    = "Springer--Verlag: Texts and Monographs
                in Computer Science",
YEAR         = "1990",
NOTE         = ""}



@book{Fairness,
AUTHOR       = "Nissim Franchez",
TITLE        = "{Fairness}",
PUBLISHER    = "Springer\--Verlag",
YEAR         = "1986",
NOTE         = ""}


@book{Semantics1,
AUTHOR       = "C.A. Gunther",
TITLE        = "{Semantics of Programming Languages}",
PUBLISHER    = "The MIT Press, Cambridge, Mass., USA",
YEAR         = "1992",
NOTE         = ""}

@book{Semantics2,
AUTHOR       = "C.A. Gunter and J.C. Mitchell",
TITLE        = "{Theoretical Aspects of Object\--oriented Programming}",
PUBLISHER    = "The MIT Press, Cambridge, Mass., USA",
YEAR         = "1994",
NOTE         = ""}

@book{Semantics3,
AUTHOR       = "M. Hennessy",
TITLE        = "{Algebraic Theory of Processes}",
PUBLISHER    = "The MIT Press, Cambridge, Mass., USA",
YEAR         = "1988",
NOTE         = ""}

@book{Semantics4,
AUTHOR       = "Peter D. Mosses",
TITLE        = "{Action Semantics}",
PUBLISHER    = "Cambridge University Press: Tracts
                in Theoretical Computer Science",
YEAR         = "1992",
NOTE         = "\dbabstract{Action semantics is a novel approach to the formal description of programming languages. Its abstractness is at an intermediate level, between that of denotational
and operational semantics. Action semantics has considerable pragmatic advantages over all previous approaches, in its comprehensibility and accessibility, and
especially in the usefulness of its semantic descriptions of realistic programming languages. In this volume, Dr Peter Mosses gives a thorough introduction to action
semantics, and provides substantial illustrations of its use. Graduates of computer science or maths who have an interest in the semantics of programming
languages will find Action Semantics a most helpful book}"}

@book{MLUllman,
AUTHOR       = "J.D. Ullman",
TITLE        = "{Elements of ML Programming}",
PUBLISHER    = "Prentice\--Hall",
YEAR         = "1994",
NOTE         = ""}

@book{Prolog1,
AUTHOR       = "J.W. Lloyd",
TITLE        = "{Foundation of Logic Programming}",
PUBLISHER    = "Springer\--Verlag",
YEAR         = "1984",
NOTE         = ""}

                  
@book{Prolog2,
AUTHOR       = "Christopher John Hogger",
TITLE        = "{Essentials of Logic Programming}",
PUBLISHER    = "Clarendon Press",
YEAR         = "December 1990",
series = "Graduate Texts in
		  Computer Science, no.1, 310 pages",
NOTE         = "\dbabstract{Logic programming has developed into
		  a broad discipline within computing science. Besides
		  its basic role as a 
                                  declarative programming language, it
		  is also contributing significantly to such fields as
		  artificial intelligence, 
                                  new-generation computing, software
		  engineering and deductive databases. 

                                  This new book presents the
		  fundamentals of logic programming from both
		  practical and theoretical viewpoints. It 
                                  covers various extensions of the
		  formalism, its relationship to Prolog, its formal
		  semantics and its applications to 
                                  program analysis and
		  transformation. The text is illustrated with
		  numerous diagrams. 

                                  There are two distinguishing
		  features of the book designed to make it adaptable
		  to various forms of usage and 
                                  accessible to various audiences. The
		  material is organized into sixty modular themes,
		  permitting many kinds of 
                                  course to be based upon it; and it
		  includes nearly seventy pages of detailed answers to
		  all of the exercises posed 
                                  in the themes}"}

                                   

@book{Semantics5,
AUTHOR       = "G. Winskel",
TITLE        = "{The Formal Semantics of Programming Languages}",
PUBLISHER    = "The MIT Press, Cambridge, Mass., USA",
YEAR         = "1993",
NOTE         = ""}

@Book{CardelliAbadi,
  author = 	 "Martin Abadi and Luca Cardelli",
  title = 	 "{A Theory of Objects}",
  publisher = 	 "Springer--Verlag",
  year = 	 "August 1996",
  series = "{Monographs in Computer Science}",
  address = 	 "New York, NY, USA",
  OPTannote = 	 "ISBN 0387947752"
}



@BOOK{Control-1,
        KEY     =       "Control",
        TITLE   =       "Adaptive {C}ontrol",
        AUTHOR  =       "K.J. {\AA}str{\"o}m and B. Wittenmark",
        PUBLISHER =     AW,
        YEAR    =       "1989",
        ANNOTE  =       ""}

@BOOK{Control-2,
TITLE = "Modern {C}ontrol {S}ystems",
AUTHOR = "R.C. Dorf",
PUBLISHER = AW,
YEAR = "1967 (fifth ed. 1989)"}

@BOOK{Control-3,
AUTHOR = "G.F. Franklin and J.D. Powell and M.L. Workman",
TITLE = "Digital Control of Dynamic Systems",
PUBLISHER = AW,
YEAR = "1980 (second ed. 1990)"}

@INCOLLECTION{Haff2,
  KEY           = "Haff 87",
  AUTHOR        = "P. Haff and A.V. Olsen",
  TITLE         = "Use of {VDM} within {CCITT}",
  BOOKTITLE     = "\cite{VDM87}",
  PAGES         = "324-330",
  PUBLISHER     = S-V,
  YEAR          = "1987",
  ANNOTE        = ""}



@INCOLLECTION{BjornerNielsenETW,
  KEY           = "Bj{\o}rner 86a",
  AUTHOR        = "D. Bj{\o}rner and M. Nielsen",
  TITLE         = "{Meta Programs and Project Graphs}",
  BOOKTITLE     = "ETW: Esprit Technical Week",
  PUBLISHER     = "Elsevier",
  YEAR          = "1985",
  PAGES		= "479-491",
  MONTH         = "May",
  ANNOTE        = ""}
 
@INPROCEEDINGS{BjornerVDM87,
  AUTHOR        = "D. Bj{\o}rner",
  TITLE         = "{The Stepwise Development of Software
		Development Graphs: 
         Meta-Programming VDM Developments}",
  BOOKTITLE     = "See \cite{VDM87}",
  PAGES         = "77--96",
  VOLUME	= "252",
  MONTH         = "March",
  PUBLISHER     = SV,
  SERIES        = LNCS,
  YEAR          = "1987",
  ANNOTE        = ""}

@INPROCEEDINGS{BjornerMonterey,
  KEY           = "Bj{\o}rner 87b",
  AUTHOR        = "D. Bj{\o}rner",
  TITLE         = "{On {T}he {U}se of 
          {F}ormal {M}ethods in {S}oftware
{D}evelopment}",
  BOOKTITLE     = "Proc. of 9th 
         International Conf. on Software Engineering,
  Monterey, California",
  ORGANIZATION  = "IEEE",
  PAGES         = "17--29",
  YEAR          = "1987",
  MONTH         = "April",
  ANNOTE        = ""}

@INCOLLECTION{BjornerNewDelhi,
  KEY           = "Bj{\o}rner 86b",
  AUTHOR        = "D. Bj{\o}rner",
  TITLE         = "{Software Development Graphs
              -- A Unifying Concept for
  Software Development?}",
  BOOKTITLE     = "Vol. 241 of Lecture 
             Notes in Computer Science: Foundations
  of Software Technology and Theoretical Computer Science",
  EDITOR        = "K.V. Nori",
  PAGES         = "1-9",
  PUBLISHER     = S-V,
  YEAR          = "1986",
  MONTH         = "Dec.",
  ANNOTE        = ""}


@INCOLLECTION{BjornerCapri,
  KEY           = "Bj{\o}rner 86a",
  AUTHOR        = "D. Bj{\o}rner",
  TITLE         = "{Project Graphs 
         and Meta-Programs: Towards a Theory of
  Software Development}",
  BOOKTITLE     = "Proc. Capri 
          '86 Conf. on Innovative Software Factories and
  Ada, Lecture Notes on Computer Science",
  EDITOR        = "N. Habermann and U. Montanari",
  PUBLISHER     = S-V,
  YEAR          = "1986",
  MONTH         = "May",
  ANNOTE        = ""}


@PROCEEDINGS{VDM87,
  KEY		= "VDM'87",
  TITLE		= "VDM -- A Formal Method at Work",
  ORGANIZATION	= "Proc. 
           VDM-Europe Symposium 1987, Brussels, Belgium", 
  EDITOR        = "D. Bj{\o}rner and C.B. Jones and M. Mac an
		  Airchinnigh and  E.J. Neuhold",   
  PUBLISHER	= "Springer-Verlag, 
           Lecture Notes in Computer Science, Vol. 252",
  YEAR		= "1987",
  MONTH		= "March", 
  ANNOTE	= ""}
= ""}

@PROCEEDINGS{VDM88,
  KEY		= "VDM'88",
  TITLE		= "VDM -- The Way Ahead",
  ORGANIZATION	= "Proc. 
        2nd VDM-Europe Symposium 1988, Dublin, Ireland", 
  EDITOR        = "R. Bloomfield and 
        L. Marshall and R. Jones",  
  PUBLISHER	= "Springer-Verlag, 
          Lecture Notes in Computer Science, Vol.328", 
  YEAR		= "1988",
  MONTH		= "September", 
  ANNOTE	= ""}

@PROCEEDINGS{VDM90,
  KEY		= "VDM'90",
  TITLE		= "VDM and Z -- 
      Formal Methods in Software Development",
  ORGANIZATION	= "Third International 
         Symposium of VDM Europe, Kiel, FRG, 
         April 17-21, 1990", 
  EDITOR        = "D. Bj{\o}rner and 
      {C.A.R.} Hoare and H. Langmaack",
  PUBLISHER	= "Springer-Verlag, 
        Lecture Notes in Computer Science, Vol. 428", 
  YEAR		= "1990",
  MONTH		= "April", 
  ANNOTE	= ""}

@PROCEEDINGS{VDM91,
  KEY		= "VDM'90",
  TITLE		= "VDM ???",
  ORGANIZATION	= "Fourth International 
         Symposium of VDM Europe, Noordwijkerhout,
        The Netherlands, 
         October, 1991", 
  EDITOR        = "S. Prehn and W.J. Toetenel",
  PUBLISHER	= "Springer-Verlag, 
        Lecture Notes in Computer Science, Vol. 551", 
  YEAR		= "1991",
  MONTH		= "October", 
  ANNOTE	= ""}




@Proceedings{FME'93,
  title = 	 "{Formal Methods}",
  year = 	 "1993",
  editor = 	 "Peter Gorm Larsen",
  volume = 	 "LNCS  ???",
  OPTnumber = 	 "",
  series = 	 "Formal Methods Europe Symposium, 
                   Odense, Denmark",
  publisher = "Springer--Verlag",
  OPTorganization = "",
  address = 	 "Heidelberg - Berlin, Germany",
  month = 	 "April",
  OPTnote = 	 "",
  OPTannote = 	 ""
}

@Proceedings{FME94,
  title = 	 "{FME'94: Industrial Benefit of Formal Methods}",
  year = 	 "1994",
  OPTkey = 	 "",
  editor = 	 "Maurice Naftalin and Tim Denvir and Miquel Bertran",
  OPTvolume = 	 "LNCS 873",
  OPTnumber = 	 "",
  series = 	 "Formal Methods Europe Symposium,
    Barcelona, Spain",
  publisher = "Springer--Verlag",
  OPTorganization = "Formal Methods Europe",
  address = 	 "Heidelberg - Berlin, Germany",
  month = 	 "October",
  OPTnote = 	 "",
  OPTannote = 	 ""
}

@Proceedings{FME96,
  title = 	 "{FME'96: Industrial Benefit and Advances in Formal Methods}",
  year = 	 "1996",
  OPTkey = 	 "",
  editor = 	 "Marie-Claude Gaudel and Jim Woodcock",
  volume = 	 "LNCS ???",
  OPTnumber = 	 "",
  series = 	 "Formal Methods Europe Symposium, 
                     Oxford, England",
  publisher = "Springer--Verlag",
  organization = "Formal Methods Europe",
  address = 	 "Heidelberg - Berlin, Germany",
  month = 	 "March",
  OPTnote = 	 "",
  OPTannote = 	 ""
}

@Proceedings{FME97,
  title = 	 "{FME'97: Industrial Applications and
 Strengthened Foundations of Formal Methods}",
  year = 	 "1997",
  OPTkey = 	 "",
  editor = 	 "John Fitzgerald and Cliff B. Jones and Peter Lucas",
  volume = 	 "LNCS 1313",
  OPTnumber = 	 "",
  series = 	 "Lecture Notes in Computer Science",
  publisher = "Springer--Verlag",
  organization = "Formal Methods Europe  
               Symposium, Graz, Austria",
  address = 	 "Heidelberg - Berlin, Germany",
  month = 	 "September",
  OPTnote = 	 "",
  OPTannote = 	 ""
}


@INPROCEEDINGS{OestIFIP86,
  KEY           = "Oest 86",
  AUTHOR        = "O. Oest",
  TITLE         = "{{VDM} From Research to Practice}",
  BOOKTITLE     = "Information Processing '86",
  EDITOR        = "H.-J. Kugler",
  ORGANIZATION  = IFIP,
  PUBLISHER     = N-H,
  YEAR          = "1986",
  PAGES         = "527-533",
  ANNOTE        = ""}



@Article{ClarkeWing,
  author = 	 "E.M. Clarke and J.M. Wing",
  title = 	 "{Formal Methods: State of the Art and Future Directions}",
  journal = 	 "ACM Computing Survey",
  year = 	 "1996",
  OPTkey = 	 "",
  volume = 	 "28",
  number = 	 "4",
  month = 	 "December",
  pages = 	 "626--643",
  OPTnote = 	 "",
  OPTannote = 	 ""
}



@BOOK{Jones,
  KEY		= "Jones 90a",
  AUTHOR	= "C.B. Jones",
  TITLE		= "Systematic Software Development using VDM",
  PUBLISHER	= "Prentice Hall International",
  YEAR		= "1990",
  EDITION	= "Second", 
  ANNOTE	= ""}


@BOOK{BjornerJones1,
  KEY           = "Bj{\o}rner 78b",
  EDITOR         = "D. Bj{\o}rner and C.B. Jones",
  TITLE         = "{The Vienna Development Method: 
                   The Meta-Language}",
  PUBLISHER     = S-V,
  YEAR          = "1978",
  VOLUME        = "61",
  SERIES        = LNCS,
  ANNOTE        = ""}

@BOOK{BjornerJones2,
  KEY           = "Bj{\o}rner 82b",
  EDITOR        = "D. Bj{\o}rner and C.B. Jones",
  TITLE         = "{Formal Specification and 
Software Development}",
  PUBLISHER     = P-H,
  YEAR          = "1982",
  ANNOTE        = ""}


@INCOLLECTION{Kahn,
  KEY           = "Gilles Kahn",
  AUTHOR        = "G. Kahn",
  TITLE         = "{Natural Semantics}",
  BOOKTITLE     = "4th Ann. Symposium on Theoretical
                   Aspects of Computer Science (STACS)",
  EDITORS        = "F.J. Brandenburg and G. Vidal-Naquet and M. Wirsing",
  PAGES         = "22--39",
  YEAR          = "1987",
  PUBLISHER     = ACM,
  ANNOTE        = ""}

@ARTICLE{Hoare69,
  KEY           = "Hoare 69",
  AUTHOR        = "{C.A.R.} Hoare",
  TITLE         = "{The Axiomatic Basis of 
Computer Programming}",
  JOURNAL       = CACM,
  YEAR          = "1969",
  MONTH         = "Oct.",
  VOLUME        = "12",
  NUMBER        = "10",
  PAGES         = "567-583",
  ANNOTE        = ""}


@Book{Ullman1,
  author = 	 "Jeffry D.\ Ullman",
  title = 	 "{Principles of Database Systems}",
  publisher = 	 "Pitman",
  year = 	 "1980"}

@Book{Ullman2,
  author = 	 "Jeffry D.\ Ullman",
  title = 	 "{Principles of Data and Knowledge--based 
                 Systems}",
  volume = 	 "I",
  publisher = 	 "Computer Sciences Press",
  year = 	 "1988"}

@Book{Ullman3,
  author = 	 "Jeffry D.\ Ullman",
  title = 	 "{Principles of Data and Knowledgebased
               Systems}",
  volume = 	 "II",
  publisher = 	 "Computer Sciences Press",
  year = 	 "1989"}

@Book{Ullman4,
  author = 	 "Jeffry D.\ Ullman and Jennifer Widom",
  title = 	 "{A First Course in Database Systems}",
  publisher = 	 "Prentice Hall",
  year = 	 "October 2, 2001"}

@Book{Ullman5,
  author = 	 "Hector Garcia-Molina and Jeffrey D. Ullman and
		  Jennifer D. Widom", 
  title = 	 "{Database System Implementation}",
  publisher = 	 "Pearson Education",
  year = 	 "June 11, 1999"}	  
		  
@Book{Date1,
  author = 	 "C.J. Date",
  title = 	 "{An Introduction to Database Systems, I}",
  publisher = 	 "Addison Wesley",
  year = 	 "1981",
  series = 	 "The Systems Programming Series"}

@Book{Date2,
  author = 	 "C.J. Date",
  title = 	 "{An Introduction to Database Systems, II}",
  publisher = 	 "Addison Wesley",
  year = 	 "1983",
  series = 	 "The Systems Programming Series"}


@Book{Za,
  author = 	 "James C.P. Woodcock and Jim Davies",
  title = 	 "{Using Z: 
            Specification, Refinement and Proof}",
  publisher = 	 "Prentice\--Hall Intl.",
  year = 	 "1996",
  OPTkey = 	 "",
  OPTeditor = 	 "",
  OPTvolume = 	 "",
  OPTnumber = 	 "",
  series = 	 "{{C.A.R.} Hoare Series in Computing Science}",
  OPTaddress = 	 "",
  OPTedition = 	 "",
  OPTmonth = 	 "",
  OPTnote = 	 "",
  OPTannote = 	 ""
}


@book{CarrolMorgan,
  author = {C. Carroll Morgan},
  title = {Programming from Specifications},
  publisher = {Prentice Hall},
  address = {Hemel Hempstead, Hertfordshire HP2 4RG, UK},
  series = {International Series in Computer Science},
  year = {1990}
}

@incollection{occam,
  author = {{Inmos Ltd.}},
  title = {Specification of instruction set \&
    {Specification} of floating point unit instructions},
  booktitle = {{Transputer} Instruction Set --
    A compiler writer's guide},
  publisher = {Prentice Hall},
  address = {Hemel Hempstead, Hertfordshire HP2 4RG, UK},
  pages = {127-161},
  year = {1988},
  isbn = {0-13-929100-8},
  length = {167},
  price = {\pounds19.95 paperback},
  telephone = {+44-454-616616},
  other = {Inmos document number: 72 TRN 199 05.
    Produced by
    Inmos Ltd.,
    1000 Aztec West,
    Almondsbury,
    Bristol BS12 4SQ, UK.
    Tel: +44-454-616616,
    Telex: 444723,
    Fax: +44-454-617910.},
  annote = {Appendices F and G use a Z-like notation to give a
    specification of the instruction 
set of the IMS T212 and T414
    transputers, and the T800 floating-point transputer.}
}

ZHR91,UNUIIST:5,UNUIIST:9,UNUIIST:10,%
UNUIIST:13,UNUIIST:25,UNUIIST:40,UNUIIST:50

@BOOK{ECRHehner,
  KEY           = "Hehner 84",
  AUTHOR        = "E.C.R. Hehner",
  TITLE         = "{The Logic of Programming}",
  PUBLISHER     = P-H,
  YEAR          = "1984",
  ANNOTE        = ""}

@BOOK{ECRHehner93,
  AUTHOR        = "E.C.R. Hehner",
  TITLE         = "{a Practical Theory of Programming}",
  PUBLISHER     = "Springer-Verlag",
  YEAR          = "1993",
  EDITION       = "2nd",
  NOTE        = "On the net: http://www.cs.toronto.edu/\~{}hehner/aPToP/"}

@BOOK{JReynolds,
  KEY           = "Reynolds 81",
  AUTHOR        = "J.C. Reynolds",
  TITLE         = "{The Craft of Programming}",
  PUBLISHER     = "Prentice-Hall",
  YEAR          = "1981",
  ANNOTE          = ""} 

@BOOK{Gries81a,
  KEY           = "Gries 81",
  AUTHOR        = "D. Gries",
  TITLE         = "{The Science of Programming}",
  PUBLISHER     = S-V,
  YEAR          = "1981",
  ANNOTE        = ""}

@BOOK{EWD1,
  KEY           = "Dijkstra 76",
  AUTHOR        = "Edsger Wybe Dijkstra",
  TITLE         = "{A Discipline of Programming}",
  PUBLISHER     = "Prentice-Hall",
  YEAR          = "1976",
  ANNOTE        = ""}


@INCOLLECTION{Miranda,
  KEY           = "David",
  AUTHOR        = "D.A. Turner",
  TITLE         = "{{Miranda}: A {N}on-strict {F}unctional
                   {L}anguage with {P}olymorphic {T}ypes}",
  EDITOR        = "J.P. Jouannaud",
  BOOKTITLE     = "Functional Programming Languages and Computer
                   Architectures",
  SERIES = LNCS,
  PAGES         = "",
  NUMBER = "201",
  PUBLISHER     = SV,
  YEAR          = "1985",
  ANNOTE        = ""}

@BOOK{Melhorn,
  KEY           = "Melhorn 84",
  AUTHOR        = "K. Melhorn",
  TITLE         = "{Data Structures and Algorithms: 3 vols.:
  1: Multi-Dimensional Searching and Computational Geometry,
  2: Graph Algorithms and {NP}-Completeness,
  3: Sorting and Searching}",
  PUBLISHER     = "Springer-Verlag, 
      EATCS Monographs, Heidelberg",
  YEAR          = "1984",
  ANNOTE        = ""}


@BOOK{Bergstra,
  KEY           = "Bergstra",
  AUTHOR        = "J.A. Bergstra and J. Heering and P. Klint",
  TITLE         = "{Algebraic Specification}",
  PUBLISHER     = "Addison-Wesley, ACM Press",
  YEAR          = "1989",
  ANNOTE        = ""}

@BOOK{Schmidt,
  KEY           = "Schmidt 86",
  AUTHOR        = "David A.\ Schmidt",
  TITLE         = "{Denotational Semantics: 
                   a Methodology for Language
  Development}",
  PUBLISHER     = "Allyn \& Bacon",
  YEAR          = "1986",
  ANNOTE        = ""}

@BOOK{deBakker-1,
  KEY           = "{de Bakker} 80",
  AUTHOR        = "J.W. {de Bakker}",
  TITLE         = "{Mathematical Theory of 
Programming Correctness}",
  PUBLISHER     = "Prentice-Hall",
  YEAR          = "1980",
  ANNOTE        = ""}


@BOOK{deBakker-2,
  AUTHOR        = "{Jaco W. de} {Bakker}",
  TITLE         = "{Control Flow Semantics}",
  PUBLISHER     = "The MIT Press, Cambridge, Mass., USA",
  YEAR          = "1995",
  ANNOTE        = ""}




@book{Larch-3,
EDITOR       = "Ursula Martin and Jeannette M. Wing",
TITLE        = "First International Workshop on Larch",
PUBLISHER    = "Springer-Verlag",
VOLUME       = "",
SERIES       = "Workshops in Computing",
ADDRESS      = "Springer-Verlag New York, Inc., Attn: J. Jeng,
    175 Fifth Avenue, New York, NY  10010-7858, USA",
EDITION      = "",
NUMBER       = "",
MONTH        = "July",
YEAR         = "1993",
NOTE         = ""}

@TECHREPORT{Larch-0,
  KEY           = "Larch",
  AUTHOR        = "J. Guttag and J.J. Horning and J.M. Wing",
  TITLE         = "Larch in Five Easy Pieces",
  INSTITUTION   = "DEC SRC, Dig. Equipm. Corp. Syst. Res. Ctr., Palo
                   Alto, California, USA",
  NUMBER        = "5",
  YEAR          = "1985",
  ANNOTE        = ""}


@book{Larch-1,
AUTHOR       = "John V. Guttag and James J. Horning
   and S.J. Garland and K.D. Jones and A. 
Modet and and J.M. Wing",
TITLE        = "{Larch: Languages and 
Tools for Formal Specification}",
PUBLISHER    = "Springer-Verlag",
VOLUME       = "",
SERIES       = "Texts and Monographs in Computer Science",
ADDRESS      = "Springer-Verlag New York, Inc., Attn: J. Jeng,
    175 Fifth Avenue, New York, NY  10010-7858, USA",
EDITION      = "",
NUMBER       = "",
MONTH        = "",
YEAR         = "1993",
NOTE         = ""}

@BOOK{DEKnuth123,
  KEY           = "Knuth",
  AUTHOR        = "Donald Ervin Knuth",
  TITLE         = "The Art of Computer Programming, Vols.1-2-3:
  Fundamental Algorithms, Seminumerical Algorithms, Searching \& Sorting",
  PUBLISHER     = "Addison-Wesley, Reading, Mass., USA",
  YEAR          = "1968-1969",
  NOTE          = "For vol.4 see:
  http://\-free\-com\-puter\-books.\-com/\-The\--Ar\--of\--Com\-puter\--Pro\-gram\-ming\--Vol-4.\-html"}

@BOOK{DEKnuth1,
  KEY           = "Knuth",
  AUTHOR        = "Donald Ervin Knuth",
  TITLE         = "The Art of Computer Programming, Vol.1:
  Fundamental Algorithms",
  PUBLISHER     = "Addison-Wesley, Reading, Mass., USA",
  YEAR          = "1968",
  ANNOTE        = ""}

@BOOK{DEKnuth2,
  KEY           = "Knuth",
  AUTHOR        = "Donald Ervin Knuth",
  TITLE         = "The Art of Computer Programming, Vol.2.:
   Seminumerical Algorithms",
  PUBLISHER     = "Addison-Wesley, Reading, Mass., USA",
  YEAR          = "1969",
  ANNOTE        = ""}

@BOOK{DEKnuth3,
  KEY           = "Knuth",
  AUTHOR        = "Donald Ervin Knuth",
  TITLE         = "The Art of Computer Programming, Vol.3:
               Searching \& Sorting",
  PUBLISHER     = "Addison-Wesley, Reading, Mass., USA",
  YEAR          = "1973",
  ANNOTE        = ""}

@BOOK{Linguistics1,
  KEY           = "Carnap 37",
  AUTHOR        = "R. Carnap",
  TITLE         = "The Logical Syntax of Language",
  PUBLISHER     = "Harcourt Brace and Co.",
  ADDRESS       = "N.Y.",
  YEAR          = "1937",
  ANNOTE        = ""}

@BOOK{Linguistics2,
  KEY           = "Montague",
  AUTHOR        = "R. Montague",
  TITLE         = "Formal Philosophy: Selected Papers
                   of Richard Montague. Eds.: Thomason and
                   Richmond",
  PUBLISHER     = "Yale Univ. Press",
  YEAR          = "1974",
  ANNOTE        = ""}


@BOOK{Category1,
  KEY           = "Herrlich 73",
  AUTHOR        = "H. Herrlich and G.E. Strecker",
  TITLE         = "{Category Theory}",
  PUBLISHER     = "Allyn and Bacon",
  ADDRESS       = "Boston",
  YEAR          = "1973",
  ANNOTE        = ""}


@ARTICLE{Hoare+10-others,
  KEY           = "Hoare EtAl",
  AUTHOR        = "{C.A.R.} Hoare and et al.",
  TITLE         = "{Laws of Programming}",
  JOURNAL       = CACM,
  YEAR          = "1987",
  MONTH          = "August",
  VOLUME        = "30",
  NUMBER        = "8",
  PAGES         = "672--686, 770",
  ANNOTE        = ""}

@ARTICLE{HoareRoscoe,
  KEY           = "A.~W. Roscoe and {C.A.R.} Hoare",
  AUTHOR        = "A.~W. Roscoe and {C.A.R.} Hoare",
  TITLE         = "Laws of occam Programming",
  JOURNAL       = "Theoretical Computer Science",
  YEAR          = "1988",
  MONTH          = "",
  VOLUME        = "60",
  NUMBER        = "",
  PAGES         = "177--229",
  ANNOTE        = ""}



@Book{RichardFeynmann,
  author = 	 "Richard Feynmann and Robert Leighton and Matthew Sands",
  title = 	 "{The Feynmann Lectures on Physics}",
  publisher = 	 "Addison\--Wesley",
  year = 	 "1963",
  OPTkey = 	 "",
  OPTeditor = 	 "",
  volume = 	 "Volumes I--II--II",
  OPTnumber = 	 "",
  OPTseries = 	 "",
  address = 	 "California Institute of Technology",
  OPTedition = 	 "",
  OPTmonth = 	 "",
  OPTnote = 	 "",
  OPTannote = 	 ""
}



@inproceedings{HOL,
AUTHOR       = "L.C. Paulson",
TITLE        = "Isabelle: The Next 700 Theorem Provers",
BOOKTITLE    = "Logic in Computer Science",
EDITOR       = "P. Oddifreddi",
PUBLISHER    = "Academic Press",
PAGES        = "361--386",
ORGANISATION = "",
ADDRESS      = "",
MONTH        = "",
YEAR         = "1990",
NOTE         = ""}

@BOOK{MunichCIP-1,
  KEY           = "CIP L",
  AUTHOR        = "C.I.P. Language Group",
  TITLE         = "The Munich CIP Project, vol. I: The
Wide-Spectrum Language CIP-L",
  PUBLISHER     = SV,
  SERIES = LNCS,
  VOLUME = "183",
  YEAR          = "1985",
  ANNOTE        = ""}

@BOOK{MunichCIP-2,
  KEY           = "CIP L",
  AUTHOR        = "C.I.P. Language Group",
  TITLE         = "The Munich CIP Project, vol. II: The
CIP Method",
  PUBLISHER     = SV,
  SERIES = LNCS,
  YEAR          = "1988",
  ANNOTE        = ""}

@BOOK{Barendregt,
  KEY           = "Barendregt 81",
  AUTHOR        = "H.P. Barendregt",
  TITLE         = "The Lambda Caculus --- Its Syntax and Semantics",
  PUBLISHER     = N-H,
  YEAR          = "1981",
  ANNOTE        = ""}


@ARTICLE{EWD0,
  KEY           = "Dijkstra 75",
  AUTHOR        = "E.W. Dijkstra",
  TITLE         = "Guarded Commands, Non-Determinacy and Formal Program
  Derivation",
  JOURNAL       = CACM,
  YEAR          = "1975",
  VOLUME        = "18",
  NUMBER        = "8",
  PAGES         = "453-457",
  ANNOTE        = ""}


@INPROCEEDINGS{Floyd,
  KEY           = "Floyd 67",
  AUTHOR        = "R.W. Floyd",
  TITLE         = "Assigning Meanings to Programs",
  BOOKTITLE     = "\cite{Schw67a}",
  YEAR          = "1967",
  PAGES         = "19-32",
  ANNOTE        = ""}


@INCOLLECTION{Apt79a,
  KEY           = "Apt 79",
  AUTHOR        = "K.R. Apt",
  TITLE         = "Ten Years of {H}oare's Logic, a Survey",
  BOOKTITLE     = "Proc. 5th Scandinavian Logic Symposium",
  EDITOR        = "F.V.Jensen, B.H.Mayoh and K.K.M{\o}ller",
  PAGES         = "1-44",
  PUBLISHER     = "Aalborg University Press",
  YEAR          = "1979",
  ANNOTE        = ""}

@ARTICLE{Apt81,
  KEY           = "Apt 81a",
  AUTHOR        = "K.R. Apt",
  TITLE         = "{Ten Years of {H}oare's Logic: A Survey --- Part I}",
  JOURNAL       = "ACM Trans. on Prog. Lang. and Systems",
  YEAR          = "1981",
  VOLUME        = "3",
  PAGES         = "431-483",
  ANNOTE        = ""}

@ARTICLE{Apt2,
  KEY           = "Apt 84",
  AUTHOR        = "K.R. Apt",
  TITLE         = "Ten Years of {H}oare's Logic: A Survey --- Part II:
  Nondeterminism",
  JOURNAL       = "Theoretical Computer Science",
  YEAR          = "1984",
  VOLUME        = "28",
  PAGES         = "83-110",
  ANNOTE        = ""}



@ARTICLE{Naur66b,
  KEY           = "Naur 66b",
  AUTHOR        = "P. Naur",
  TITLE         = "Proof of Algorithms by General Snapshots",
  JOURNAL       = BIT,
  YEAR          = "1966",
  VOLUME        = "6",
  PAGES         = "310-316",
  ANNOTE        = ""}



@inproceedings{Chips,
AUTHOR       = "M. Dincbas and et al.",
TITLE        = "{The Constraint Logic Programming
                  Language CHIP}",
BOOKTITLE    = "FGCS'88: Intl. Conf. on Fifth Generation
                Computer Systems",
ORGANIZATION = "Japan",
YEAR         = "1988",
NOTE         = ""}


@TechReport{CLPR,
  author = 	 "J. Jaffar and S. Michaylov",
  title = 	 "{Methodology and Implementation of
                   a CLP System}",
  institution =  "IBM Research, Yorktown",
  year = 	 "1987",
  OPTkey = 	 "",
  OPTtype = 	 "",
  OPTnumber = 	 "",
  OPTaddress = 	 "",
  OPTmonth = 	 "",
  OPTnote = 	 "",
  annote = 	 "Publ.: Fourth Intl.\ Conf.\ on Logic Programming, Australia"
}


@Manual{Quintus,
  title = 	 "{}",
  OPTkey = 	 "",
  OPTauthor = 	 "",
  OPTorganization = "",
  OPTaddress = 	 "",
  OPTedition = 	 "",
  OPTyear = 	 "",
  OPTmonth = 	 "",
  OPTnote = 	 "",
  OPTannote = 	 ""
}


@ARTICLE{Hoare-CSP-1,
  KEY           = "Hoare 78a",
  AUTHOR        = "{C.A.R.} Hoare",
  TITLE         = "{Communicating Sequential Processes}",
  JOURNAL       = CACM,
  YEAR          = "1978",
  MONTH         = "Aug.",
  VOLUME        = "21",
  NUMBER        = "8",
  ANNOTE        = ""}

@BOOK{Hoare-CSP-2,
  KEY           = "Hoare 85",
  AUTHOR        = "{C.A.R.} Hoare",
  TITLE         = "{Communicating Sequential Processes}",
  PUBLISHER     = PHI,
  YEAR          = "1985",
  ANNOTE        = ""}


@BOOK{Milner-CCS-1,
  KEY           = "Milner 80",
  AUTHOR        = "R. Milner",
  TITLE         = "Calculus of Communication Systems",
  PUBLISHER     = S-V,
  YEAR          = "1980",
  VOLUME        = "94",
  SERIES        = LNCS,
  ANNOTE        = ""}

@BOOK{Milner-CCS-2,
  KEY           = "Milner 89",
  AUTHOR        = "R. Milner",
  TITLE         = "{Communication and Concurrency}",
  PUBLISHER     = "Prentice Hall",
  YEAR          = "1989",
  SERIES        = "{{C.A.R.} Hoare Series in Computing Science}",
  ANNOTE        = ""}


@Book{Rydeheard,
  author = 	 "David Rydeheard and Rod M. Burstall",
  title = 	 "{Computational Category Theory}",
  publisher = 	 "Prentice\--Hall Intl.",
  year = 	 "1991"}

@ARTICLE{Oberon1,
  KEY           = "Niklaus",
  AUTHOR        = "N. Wirth",
  TITLE         = "{From Modula to Oberon}",
  JOURNAL       = "Software --- Practice and Experience",
  YEAR          = "1988",
  VOLUME        = "18",
  PAGES         = "661--670",
  ANNOTE        = ""}

@BOOK{Oberon2,
  KEY           = "Martin",
  AUTHOR        = "M. Reiser",
  TITLE         = "The {\tt OBERON} System, User Guide and
Programmer's Manual",
  PUBLISHER     = AW,
  YEAR          = "1991",
  SERIES        = "ACM Press",
  VOLUME        = "",
  ANNOTE        = ""}

@ARTICLE{Oberon3,
  KEY           = "Wirth",
  AUTHOR        = "N. Wirth",
  TITLE         = "{The Programming Language Oberon}",
  JOURNAL       = "Software ---  Practice and Experience",
  YEAR          = "1988",
  VOLUME        = "18",
  PAGES         = "671--690",
  ANNOTE        = ""}

@ARTICLE{Oberon4,
  KEY           = "Wirth",
  AUTHOR        = "N. Wirth and J. Gutknecht",
  TITLE         = "The Oberon System",
  JOURNAL       = "Software --- Practice and Experience",
  YEAR          = "1989",
  VOLUME        = "19",
  NUMBER        = "9",
  PAGES         = "857--893",
  ANNOTE        = ""}

@BOOK{Oberon5,
  KEY           = "Wirth",
  AUTHOR        = "N. Wirth and J. Gutknecht",
  TITLE         = "The Oberon Project",
  PUBLISHER     = AW,
  YEAR          = "1992",
  SERIES        = "ACM Press",
  VOLUME        = "",
  ANNOTE        = ""}

@BOOK{Lisp1,
  KEY           = "McCarthy 62b",
  AUTHOR        = "J. McCarthy and et al.",
  TITLE         = "{{LISP} 1.5, Programmer's Manual}",
  PUBLISHER     = "The MIT Press",
  ADDRESS       = "Cambridge, Mass., USA",
  YEAR          = "1962",
  ANNOTE        = ""}

@BOOK{SML-Milner2,
  KEY           = "Sokolowski",
  AUTHOR        = "S. Soko{\l}owski",
  TITLE         = "Applicative Higher-Order  Programming:
the Standard ML Perspective",
  PUBLISHER     = "Chapman and Hall",
  YEAR          = "1991",
  ANNOTE        = ""}

@BOOK{SML-Milner2,
  KEY           = "Milner",
  AUTHOR        = "Robin Milner and Mads Tofte and Robert Harper",
  TITLE         = "{The Definition of Standard ML}",
  PUBLISHER     = "The MIT Press, Cambridge, Mass., USA and London, England",
  YEAR          = "1990",
  ANNOTE        = ""}

@BOOK{SML-Milner1,
  KEY           = "Milner",
  AUTHOR        = "Robin Milner and Mads Tofte and Robert Harper and
  David McQueen",
  TITLE         = "{The Definition of Standard ML, Revised}",
  PUBLISHER     = "The MIT Press, Cambridge, Mass., USA and London, England",
  YEAR          = "1997",
  ANNOTE        = ""}

@BOOK{SML-Milner3,
  KEY           = "Wikstroem 88",
  AUTHOR        = "{\AA}. Wikstr{\"o}m",
  TITLE         = "Functional Programming using Standard {ML}",
  PUBLISHER     = "Prentice-Hall",
  YEAR          = "1984",
  ANNOTE        = ""}



@ARTICLE{Cardelli-1,
  KEY           = "Cardelli",
  AUTHOR        = "L. Cardelli",
  TITLE         = "{Basic Polymorphic Type-checking}",
  JOURNAL       = "Science of Computer Programming",
  PAGES         = "147--172",
  PUBLISHER     = NH,
  VOLUME        = "8",
  NUMBER        = "2",
  YEAR          = "1987",
  ANNOTE        = ""}

@ARTICLE{Cardelli-2,
  KEY           = "Cardelli and Wegner",
  AUTHOR        = "L. Cardelli and P. Wegner",
  TITLE         = "On understanding types, data abstraction and
                   polymorphism",
  JOURNAL       = "Computing Surveys",
  PAGES         = "471--522",
  PUBLISHER     = "ACM",
  VOLUME        = "17",
  NUMBER        = "4",
  YEAR          = "1987",
  ANNOTE        = ""}


@Book{Girard-x,
  author = 	 "Jean--Yves Girard",
  title = 	 "{??? Type Theory ???}",
  publisher = 	 "Cambridge University Press",
  year = 	 "???",
  OPTkey = 	 "",
  OPTeditor = 	 "",
  OPTvolume = 	 "",
  OPTnumber = 	 "",
  series = 	 "Tracts in Theoretical Computer Science",
  OPTaddress = 	 "",
  OPTedition = 	 "",
  OPTmonth = 	 "",
  OPTnote = 	 "",
  OPTannote = 	 ""
}

@BOOK{Kleene-1,
  KEY           = "Kleene 52",
  AUTHOR        = "S.C. Kleene",
  TITLE         = "Introduction to Meta-Mathematics",
  PUBLISHER     = "Van Nostrand, New York and Toronto",
  YEAR          = "1952",
  ANNOTE        = "The classical, seminal work on Meta-Mathematics"}


@Book{C1,
  author = 	 "Brian Kernighan and
Dennis Ritchie",
  title = 	 "{C Programming Language}",
  publisher = 	 " Prentice Hall",
  year = 	 "1989",
  OPTkey = 	 "",
  OPTeditor = 	 "",
  OPTvolume = 	 "",
  OPTnumber = 	 "",
  OPTseries = 	 "",
  OPTaddress = 	 "",
  edition = 	 "2nd",
  OPTmonth = 	 "March",
  OPTnote = 	 "",
  OPTannote = 	 ""
}



@Article{DanielJackson,
  author = 	 "Daniel Jackson",
  title = 	 "{Structuring Z Specifications with Views}",
  journal = 	 "ACM Transactions on Software Engineering and Methodology",
  year = 	 "1995",
  OPTkey = 	 "",
  volume = 	 "4",
  number = 	 "4",
  month = 	 "October",
  pages = 	 "365--389",
  OPTnote = 	 "",
  OPTannote = 	 ""
}




@Book{HoareHeJiFeng,
  author = 	 "{C.A.R.} Hoare and Ji Feng He",
  title = 	 "{Unifying Theories of Programming}",
  publisher = 	 "Prentice Hall",
  year = 	 "1997"}



@Book{Larsen,
  author = 	 "John Fitzgerald and Peter Gorm Larsen",
  title = 	 "{Modelling Systems: Practical Tools and Techniques}",
  publisher = 	 "Cambridge University Press",
  year = 	 "1997--1998"}


@Book{JRAbrial:TheEventBBook,
  author = 	 "Jean--Raymond Abrial",
  title = 	 "{Modeling in Event-B: System and Software Engineering}",
  publisher = 	 "Cambridge University Press",
  year = 	 "2009",
  address = 	 "Cambridge, England"}

@Book{JRAbrial:TheBBook,
  author = 	 "Jean--Raymond Abrial",
  title = 	 "{The B Book: Assigning Programs to Meanings}",
  publisher = 	 "Cambridge University Press",
  year = 	 "1996",
  series = 	 "Tracts in Theoretical Computer Science",
  address = 	 "Cambridge, England"}

@Book{MannaPnueli12,
  author = 	 "Zohar Manna and Amir Pnueli",
  title = 	 "{The Temporal Logic of Reactive Systems: (vol.1:
{\em Specifications}, vol.2: {\em Safety})}",
  publisher = 	 "Addison Wesley",
  year = 	 "1991 and 1995",
  OPTkey = 	 "",
  OPTnote = 	 "",
  OPTannote = 	 ""
}

@Book{MannaPnueli1,
  author = 	 "Zohar Manna and Amir Pnueli",
  title = 	 "{The Temporal Logic of Reactive Systems:
Specifications}",
  publisher = 	 "Addison Wesley",
  year = 	 "1991",
  OPTkey = 	 "",
  OPTnote = 	 "",
  OPTannote = 	 ""
}

@Book{MannaPnueli2,
  author = 	 "Zohar Manna and Amir Pnueli", 
  title = 	 "{The Temporal Logic of Reactive Systems:
Safety}",
  publisher = 	 "Addison Wesley",
  year = 	 "1995",
  OPTkey = 	 "",
  OPTnote = 	 "",
  OPTannote = 	 ""
}

@BOOK{Sommerville,
  KEY           = "Ian",
  AUTHOR        = "I. Sommerville",
  TITLE         = "Software Engineering",
  PUBLISHER     = "Addison-Wesley",
  YEAR          = "1982",
  ANNOTE        = ""}

@BOOK{Stoy,
  KEY           = "Stoy 77",
  AUTHOR        = "J.E. Stoy",
  TITLE         = "{Denotational Semantics: 
The {S}cott-{S}trachey Approach to
Programming Language Theory}",
  PUBLISHER     = "The MIT Press, Cambridge, Mass., USA",
  YEAR          = "1977",
  ANNOTE        = ""}


@Book{Haskell,
  author = 	 "Simon Thompson",
  title = 	 "{Haskell: The Craft of Functional
                   Programming}",
  publisher = 	 "Addison Wesley",
  year = 	 "1999",
  OPTseries = 	 "",
  OPTaddress = 	 "",
  edition = 	 "2nd",
  month = 	 "29 March",
  note = 	 "512 pages, ISBN 0201342758",
  OPTannote = 	 ""
}



@Book{SML,
  author = 	 "Larry C. Paulson",
  title = 	 "{ML for the Working Programmer}",
  publisher = 	 "Cambridge University Press",
  year = 	 "1991",
  OPTkey = 	 "",
  OPTeditor = 	 "",
  OPTvolume = 	 "",
  OPTnumber = 	 "",
  OPTseries = 	 "",
  OPTaddress = 	 "",
  OPTedition = 	 "",
  OPTmonth = 	 "",
  OPTnote = 	 "",
  OPTannote = 	 ""
}

@TECHREPORT{ieee-610.12,
  AUTHOR        = "{IEEE Computer Society}",
  TITLE         = "{IEEE--STD 610.12-1990: Standard Glossary of
		  Software Engineering Terminology}", 
  INSTITUTION   = "IEEE",
  ADDRESS       = "IEEE Headquarters Office,
                   1730 Massachusetts Avenue, N.W.,
                   Washington, DC 20036-1992, USA. 
                   Phone: +1-202-371-0101,
                   FAX: +1-202-728-9614",
  YEAR          = "1990",
  ANNOTE        = ""}


@TECHREPORT{Plotkin,
  KEY           = "Plotkin 81",
  AUTHOR        = "Gordon D. Plotkin",
  TITLE         = "{A Structural Approach to 
Operational Semantics}",
  INSTITUTION   = "Comp. Sci. Dept.",
  ADDRESS       = "Aarhus Univ., Denmark; DAIMI\--FN\--19",
  YEAR          = "1981",
  NOTE        = "Definitive version of this seminal report is (to be)
		  published in a special issue of the 
		  \textsl{Journal of Logic and Algebraic
		  Programming} (eds. Jan Bergstra and John Tucker)
		  devoted to a workshop on SOS: 
		  Structural Operational Semantics, a Satellite
		  Event of CONCUR 2004, August 30, 2004, London,
		  United Kingdom. Look also for Gordon Plotkin's
		  introductory paper for that issue: \textsf{The
		  Origins of Structural Operational Semantics}"} 

@proceedings{garmisch68,
EDITOR       = "P. Naur and B. Randall",
TITLE        = "{Software Engineering: 
            The Garmisch Conference}",
ORGANIZATION = "NATO Science Committee, Brussels",
YEAR         = "1969",
NOTE         = ""} 


@Book{NeilJones96,
  author = 	 "Neil D. Jones",
  title = 	 "{Computability and Complexity ---
                   From a Programming Point of View}",
  publisher = 	 "The MIT Press, Cambridge, Mass., USA",
  year = 	 "1996",
  OPTkey = 	 "",
  OPTeditor = 	 "",
  OPTvolume = 	 "",
  OPTnumber = 	 "",
  OPTseries = 	 "",
  OPTaddress = 	 "",
  OPTedition = 	 "",
  OPTmonth = 	 "",
  OPTnote = 	 "",
  OPTannote = 	 ""
}
 
@Book{WattsHumphrey89,
  author = 	 "Watts Humphrey",
  title = 	 "{Managing The Software Process}",
  publisher = 	 "Addison-Wesley",
  year = 	 "1989",
  OPTkey = 	 "",
  OPTeditor = 	 "",
  OPTvolume = 	 "",
  OPTnumber = 	 "",
  OPTseries = 	 "",
  OPTaddress = 	 "New York",
  OPTedition = 	 "",
  OPTmonth = 	 "",
  note = 	 "ISBN 0201180952",
  OPTannote = 	 ""
}

@BOOK{HopcroftUllman,
  KEY           = "Hopcroft 79",
  AUTHOR        = "J. Hopcroft and J. Ullman",
  TITLE         = "{Introduction to Automata Theory, 
                   Languages and Computation}",
  PUBLISHER     = "Addison-Wesley",
  YEAR          = "1979",
  SERIES        = "Reading",
  ANNOTE        = ""}



@Book{NielsonNielson,
  author = 	 "Hanne Riis Nielson and Flemming Nielson",
  title = 	 "{Semantics with Applications: 
A Formal Introduction}",
  publisher = 	 "John Wiley \& Sons Ltd.",
  year = 	 "1992",
  OPTkey = 	 "",
  OPTeditor = 	 "",
  OPTvolume = 	 "",
  OPTnumber = 	 "",
  series = 	 "",
  address = 	 "Baffins Lane, Chishester
West Sussec PO19 1UD, England",
  OPTedition = 	 "",
  OPTmonth = 	 "",
  OPTnote = 	 "",
  OPTannote = 	 ""
}


@book{Z-1,
  author = {J. Michael Spivey},
  title = {Understanding {Z}: A 
Specification Language and its Formal Semantics},
  publisher = {Cambridge University Press},
  address = uk,
  series = {Cambridge Tracts in Theoretical Computer Science},
  volume = {3},
  length = {131},
  month = {January},
  year = {1988},
  isbn = {0-521-33429-2},
  annote = {Published version of 1985 DPhil thesis.}}

@book{Z-2,
  author = {J. Michael Spivey},
  title = {The {Z} Notation: A Reference Manual},
  publisher = {Prentice Hall},
  address = {Hemel Hempstead, Hertfordshire HP2 4RG, UK},
  series = {International Series in Computer Science},
  length = {188},
  year = {1989},
  isbn = {0-13-983768-X},
  price = {\pounds15.95 (\$26.95) paperback},
  annote = {
    This book is currently the de facto ``standard'' for the
    Z notation. See also \cite{Z:ZIP91} for the draft proposed
    standard.}
}

@BOOK{Schw67a,
  KEY           = "Schwartz 67",
  AUTHOR        = "J.T. Schwartz",
  TITLE         = "{Mathematical Aspects of Computer 
    Science, Proc.\ of Symp.\ in Appl.\ Math.}",
  PUBLISHER     = "AMS",
  YEAR          = "1967",
  ANNOTE        = ""}


@BOOK{CCITT85a,
  KEY           = "CHILL CCITT",
  AUTHOR        = "Anon",
  TITLE         = "C.C.I.T.T. High Level Language (CHILL),
                   Recommendation Z.200, Red Book Fascicle VI.12",
  PUBLISHER     = "ITU (Intl. Telecmm. Union)",
  ADDRESS       = "Geneva, Switzerland",
  YEAR          = "1980 -- 1985",
  SERIES        = "See \cite{CCITT81}",
  VOLUME        = "",
  ANNOTE        = ""}

@BOOK{CCITT81a,
  KEY           = "CHILL CCITT",
  EDITOR        = "P.L. Haff",
  TITLE         = "The Formal Definition of CHILL",
  PUBLISHER     = "ITU (Intl. Telecmm. Union)",
  ADDRESS       = "Geneva, Switzerland",
  YEAR          = "1981",
  SERIES        = "See \cite{CCITT85}",
  VOLUME        = "",
  ANNOTE        = ""}


@article{Finkelstein-1,
AUTHOR       = "B. Nuseibeh and J. Kramer and Finkelstein",
TITLE        = "{A Framework for Expressing the Relationships Between Multiple Views in Requirements Specification}",
JOURNAL      = "IEEE
Transactions on Software Engineering",
VOLUME       = "20",
NUMBER       = "10",
PAGES        = "760-773",
YEAR         = "1994",
NOTE         = ""}



@article{Finkelstein-2,
AUTHOR       = "A. Finkelstein and D. Gabbay and A.Hunter and J.
           Kramer and B. Nuseibeh",
TITLE        = "{Inconsistency Handling In Multi-Perspective Specifications}",
JOURNAL      = "IEEE Transactions on
Software Engineering",
VOLUME       = "20",
NUMBER       = "8",
PAGES        = "569-578",
YEAR         = "1994",
NOTE         = ""}



@article{Finkelstein-3,
AUTHOR       = "S. Easterbrook and A. Finkelstein and J. Kramer
and B. Nuseibeh",
TITLE        = "{Coordinating Distributed ViewPoints: The Anatomy of a
		  Consistency Check}", 
JOURNAL      = "International
Journal on Concurrent Engineering: Research \& Applications",
VOLUME       = "2",
NUMBER       = "3",
PAGES        = "",
YEAR         = "1994",
NOTE         = ""}



@article{Finkelstein-4,
AUTHOR       = "A. Finkelstein and I. Sommerville",
TITLE        = "{The Viewpoints FAQ}",
JOURNAL      = "Software Engineering Journal: Special Issue on
		  Viewpoints for Software Engineering", 
VOLUME       = "",
NUMBER       = "",
PAGES        = "",
YEAR         = "1996",
NOTE         = ""}

 



@book{Algebraic3,
AUTHOR       = "I. Guessarian",
TITLE        = "{Algebraic Semantics}",
PUBLISHER    = "Springer-Verlag",
SERIES = "Lecture notes in computer science, vol. 99",
YEAR         = "1981",
NOTE         = ""}


@book{Algebraic1,
AUTHOR       = "I.van Horebeek and J. Lewi",
TITLE        = "{Algebraic specifications in software engineering An
		  introduction}", 
PUBLISHER    = "Springer-Verlag, New York, N.Y.",
YEAR         = "1989",
NOTE         = ""}

@book{Algebraic2,
AUTHOR       = "M. Bidoit et al. (Eds.)",
TITLE        = "{Algebraic system specification and development A
		  survey and annotated bibliography}", 
SERIES = "Lecture notes in computer science, vol. 501",
PUBLISHER    = "Springer-Verlag",
YEAR         = "1991",
NOTE         = ""}


  
@book{B-3,
AUTHOR       = "John Wordsworth",
TITLE        = "{Software Engineering with B}",
PUBLISHER    = "Addison\--Wesley Longman",
YEAR         = "1996",
NOTE         = ""}
      



@book{B-2,
AUTHOR       = "K. Lano",
TITLE        = "{The B Language and Method,
A Guide to Pratical Formal Development}",
PUBLISHER    = "Springer-Verlag, Formal Approaches to Computing and
		  Information Technology (FACIT). Ed.: S.A. Schuman", 
YEAR         = "1996",
NOTE         = ""}


@book{Algebraic4,
AUTHOR       = "M. Wirsing and M. Nivat (Eds.)",
TITLE        = "{Algebraic Methodology and Software Technology}",
PUBLISHER    = "Springer-Verlag, Lecture Notes in Computer Science, Vol. 1101",
YEAR         = "1996",
NOTE         = "5th International Conference, AMAST '96 Munich, Germany"}

@book{Algebraic5,
AUTHOR       = "V.S. Alagar and M. Nivat (Eds.)",
TITLE        = "{Algebraic Methodology and Software Technology,
4th International Conference, AMAST '95, Montreal, Canada}",
PUBLISHER    = "Springer--Verlag, Lecture Notes in Computer
		  Science. Vol. 936", 
YEAR         = "1995",
NOTE         = ""}
