
@string{ACM    = "Association of Computing Machinery"}
@string{APPIN85= "Proceedings of the Appin workshop on Persistence and Data
                  Types Persistent Programming Research Report 16"}
@string{CACM   = "Communications of the ACM"}
@String{CMU    = "Department of Computer Science, Carnegie Mellon University"}
@String{IFIP   = "International Federation for Information Processing"}
@string{INFSYS = "Information Systems"}
@String{MIT    = "Massachusetts Institute of Technology"}
@string{POLY   = "Polymorphism"}
@String{POPL   = "Principles of Programming Languages"}
@String{POPL74  = "Proc. first ACM Symposium on Principles of Programming Languages"}
@String{POPL75  = "Proc. 2nd ACM Symposium on Principles of Programming Languages"}
@String{POPL76  = "Proc. 3rd ACM Symposium on Principles of Programming Languages"}
@String{POPL77  = "Proc. 4th ACM Symposium on Principles of Programming Languages"}
@String{POPL78  = "Proc. 5th ACM Symposium on Principles of Programming Languages"}
@String{POPL79  = "Proc. 6th ACM Symposium on Principles of Programming Languages"}
@String{POPL80  = "Proc. 7th ACM Symposium on Principles of Programming Languages"}
@String{POPL81  = "Proc. 8th ACM Symposium on Principles of Programming Languages"}
@String{POPL82  = "Proc. 9th ACM Symposium on Principles of Programming Languages"}
@String{POPL83   = "Proc. 10th ACM Symposium on Principles of Programming Languages"}
@String{POPL84   = "Proc. 11th ACM Symposium on Principles of Programming Languages"}
@String{POPL85   = "Proc. 12th ACM Symposium on Principles of Programming Languages"}
@String{POPL86   = "Proc. 13th ACM Symposium on Principles of Programming Languages"}
@String{POPL87   = "Proc. 14th ACM Symposium on Principles of Programming Languages"}
@String{POPL88   = "Proc. 15th ACM Symposium on Principles of Programming Languages"}
@String{POPL89   = "Proc. 16th ACM Symposium on Principles of Programming Languages"}
@String{POPL90   = "Proc. 17th ACM Symposium on Principles of Programming Languages"}
@String{POPL91   = "Proc. 18th ACM Symposium on Principles of Programming Languages"}
@String{POPL19   = "Proc. 19th ACM Symposium on Principles of Programming Languages"}
@String{SIGMOD79 = "Proceedings of the ACM SIGMOD 1979 conference, Boston"}
@string{SIGMOD83 = "Proceedings of the ACM SIGMOD 1983 conference on the management
                    of data, San Jos/`e, California"}
@String{SIGPLAN= "ACM SIGPLAN notices"}
@String{SIGPLANN= "ACM SIGPLAN notices"}
@String{SIGOPS = "ACM SIGOPS notices"}
@String{SPE    = "Software Practice and Experience"}
@string{TCS    = "Theoretical Computer Science"}
@string{TODS   = "ACM Transactions on Database Systems"}
@string{TOPLAS = "ACM Transactions on Programming Languages and Systems"}
@string{UCB    = "Computer Science division, EECS department, University of
                  California at Berkeley"}
@string{UCBADD = "Berkeley, CA 94720, USA"}
@string{UPENN  = "Department of Computing and Information Science, University
                   of Pennsylvania"}
@string{UPENNADD = "Philadelphia, PA 19104, USA"}
@string{USC    = "Computer Science Department, University of Southern California"}
@string{USCADD = "Los Angeles, California 90089-0782, USA"}
@string{VLDB1  = "The first international conference on Very Large Data Bases"}
@string{VLDB2  = "The second international conference on Very Large Data Bases, Brussels, Belgium"}
@string{VLDB3  = "The third international conference on Very Large Data Bases"}
@string{VLDB4  = "The fourth international conference on Very Large Data Bases, Berlin, West Germany"}
@string{VLDB5  = "The fifth international conference on Very Large Data Bases"}
@string{VLDB6  = "The sixth international conference on Very Large Data Bases, Montreal, Canada"}
@string{VLDB7  = "The seventh international conference on Very Large Data Bases, Cannes, France"}
@string{VLDB8  = "The eigth international conference on Very Large Data Bases"}
@string{VLDB9  = "Proceedings of the ninth international conference on Very Large Data Bases, Florence, Italy"}
@string{VLDB10  = "Proceedings of the tenth international conference on Very Large Data Bases, Singapore"}
@string{VLDB11  = "Proceedings of the eleventh international conference on Very Large Data Bases, Singapore"}
@string{VLDB18  = "Proceedings of the eigteenth international conference on Very Large Data Bases, Vancouver, Canada"}
@string{PODS = "Proc.\ ACM Symposium on Principles of Database Systems"}


%%a

@InProceedings(abit84,
	Author="Abiteboul, S. and Bidoit, N.",
	Title="Non First Normal Form Relations to Represent Hierarchically 
		Organized Data",
	Booktitle=PODS,
	Address="Waterloo, Ontario, Canada",
	Year=1984
	)

@InProceedings(abit86,
	Author="Abiteboul, S. and Hull, R.",
	Title="Restructuring of Complex Objects and Office Forms",
	Booktitle="Proc. International Conference on Database Theory,
		Lecture Notes in Computer Science 243",
	Publisher="Springer-Verlag",
	Address="Rome, Italy",
	Month=sep,
	Year=1986
	)

@Article{abit87,
  Key          = "Abiteboul \& Hull",
  Author       = "Abiteboul, S. and Hull, R.",
  Title        = "{IFO}: A formal semantic database model",
  Journal      = TODS,
  Volume       = 12,
  Number       = 4,
  Pages        = "525--565",
  Year         = 1987,
  month        = dec
}


@Article{abit88,
  author = "Abiteboul, S. and Hull, R.",
  title = "Restructuring Hierarchical Database Objects",
  journal ="Theoretical Computer Science",
  volume = 62,
  pages = "3 -- 38",
  year = 1988,
  note = "Special issue dedicated to the $2^{nd}$ International
		 Conference on Database Theory"
}

@InProceedings{abit89sigmod,
  author = 	"Abiteboul, S. and Kanellakis, P.",
  title = 	"Object Identity as a Query Language Primitive",
  booktitle = 	"Proceedings of the ACM SIGMOD conference",
  year = 	1989,
  month = 	"May -- June"
}

@inproceedings{abit87nrw,
	author = "Abiteboul,S. and  Beeri, C.",
	title= "{O}n the {P}ower of {L}anguages for the {M}anipulation of
                {C}omplex  {O}bjects",
	booktitle = "Proceedings of International Workshop on Theory and
                   Applications of Nested Relations and Complex Objects",
        year = 1988,
	place = "Darmstadt"
	}

@inproceedings{abit91sigmod,
	author = "Abiteboul,S. and  Bonner, A.",
	title= "{Objects and Views}",
	booktitle = "Proceeding of ACM SIGMOD Conference",
        year = 1991,
	pages = "238--247"
	}

@incollection{Acze77,
	author={Aczel, P.},
	title="The Type Theoretic Interpretation of Constructive Set Theory",
	booktitle={Logic Colloquium},
	year=1977,
	publisher={Noth Holland}}

@misc{ada80,
    title =        {Reference Manual for the {Ada} Programming Language},
    howpublished = {G.P.O. 008-000-00354-8},
    year =         1980,
    key =          {Ada}
}

@article{adri82,
	title="Validation, Verification, and Testing of Computer Software",
	author={Adrion, W. R. and Branstad, M. A. and Cherniavsky, J. C.},
	journal={Computer Surveys},
	volume=14,
	number=2,
	month=jun,
	year=1982}



@InProceedings{aho79,
  author = 	"Aho, A. V. and Ullman, J.D.",
  title = 	"Universality of Data Retrieval Languages",
  booktitle = 	POPL79,
  year = 	1979,
  pages = 	"110--120"
}

@techreport{aitk85a,
	title="A Model of Computation Based on Calculus of Type Subsumption",
        author={A{\"{\i}}t-Kaci, H.},
        institution={Departmnt of Computer and Information Science,
		University of Pennsylvania},
        year=1985}

@phdthesis{aitk85b,
	title="A Lattice Theoretic Approach to Computation based on Calculus
		of Partially Ordered Type Structures",
        author={A{\"{\i}}t-Kaci, H.},
        school={University of Pennsylvania},
        year=1985}

@TechReport(aitk85,
	Author="A{\"{i}}t-Kaci, H and Nasr Roger",
	Title="A Logic Programming Language with Built-in Inheritance",
	Type="Technical Reprot",
	Number="AI-068-85",
	Institution="MCC",
	Address="Austin, Texas",
	Month=jul,
	Year=1985
	)

@Article(aitk86,
	Author="A{\"{\i}}t-Kaci, H.",
	Title="An Algebraic Semantics Approach to the Effective Resolution
		on Type Equations",
	Journal="Theoretical Computer Science",
	Volume="45",
	Year=1986,
	Pages="293--351"
	)

@techreport{alba83,
	title="Galileo: A strongly typed, Interactive Conceptual Language",
        author={Albano. A. and  Cardelli, L. and  Orsini, R.},
        institution={Bell Laboratories},
        year=1983,
        address={Bell Telephone Laboratories,
		Internal Technical document Services,
                Murray Hill 1b-509, NJ, USA}}

@Article(alba85,
	Author="Albano, A. and Cardelli, L. and Orsini, R.",
	Title="Galileo: A Strongly Typed, Interactive Conceptual Language",
	Journal=TODS,
	Volume="10",
	Number=2,
	Year=1985,
	Pages="230--260"
	)

@article{algol,
	title="Revised report on the algorithmic language {ALGOL 68}",
	author={Wijngaarden, A.},
	journal={Acta Informatica},
	volume=5,
	year=1975,
	pages={1-236}
	}



@Article{astr75,
  author = 	"Astrahan, M. M. and Chamberlin D. D.",
  title = 	"Implementation of a Structured English Query Language",
  journal = 	CACM,
  year = 	1975,
  volume = 	18,
  number = 	10,
  pages = 	"580--587"
}



@Article{astr76,
  author = 	"Astrahan, M.M. and Blasgen, M. W. and Chamberlin, D.
		 D. and Eswaran, K. P. and Gray, J. N. and Griffiths,
		 P. P. and King, W. F. and Lorie, R. A. and McJones,
		 P. R. and Mehl, J. W. and Putzolu, G. R. and Traiger,
		 I. L. and Wade, B. W. and Waston, V.",
  title = 	"{System R}: a Relational Approach to Database Management",
  journal = 	TODS,
  year = 	1976,
  volume = 	1,
  number = 	2,
  pages = 	"97--137",
  month = 	jun
}

@InProceedings(atze82,
	Author="Atzeni, P. and Parker, D. S.",
	Title="Assumptions in relational database theory",
	Booktitle=PODS,
	Pages="1--9",
	Year=1982
	)

@article{atki85a,
	title="Procedures as Persistent Data Objects",
        author={Atkinson, M. and Morrison, R},
        journal=toplas,
	volume=7,
        number=4,
        year=1985}

@InProceedings(alte85,
	Author="Alternkruger, D. E.",
	Title="{FAIM}, The Formal Association Inference Model, A Means for the
		Formal Definition of Conceptual Meta Schemas",
	Booktitle="The 4th International Conference on Entity-Relationship
		Aproach",
	Pages="10--17",
	Organization="IEEE Computer Society",
	Publisher="Computer Science Press",
	Month=oct,
	Year=1985
	)

@article{atki83b,
key       =  "Atkinson {\it et al.}",
author    =  "Atkinson, M.P. and Bailey, P.J. and Chisholm, K.J. and
Cockshott, W.P. and Morrison, R.",
title     =  "An Approach to Persistent Programming",
journal   =  "Computer Journal", volume  =  26, Number  =  4,
Month  =  "November",
year       =  1983}




@techreport{atki85b,
	title="Data Base Programming Language Design",
	author={Atkinson, M. and O. P. Buneman},
        institution={Department of Computer Science,
        	University of Grasgow},
        year=1985,
        address={Glasgow, Scotland}}

@TechReport(atki85c,
	Author="Atkinson, M.P. and O. P. Buneman",
	Key="Atkinson & Buneman",
	Title="Database Programming Language Design",
	Institution="University of Pennsylvania",
	Number="Tech. Report, 10-85",
	Address="Philadelphia, Pa 19104",
        Year="1985")

@article{atki87,
key	= "Atkinson",
author = "Atkinson, M.P. and O. P. Buneman",
title = "Types and Persistence in Database Programming Languages",
journal = "ACM Computing Surveys",
year = 1987,
month = "June"}

@inproceedings{atki78b,
            Author      = "Atkinson, M. P.",
            Key         = "Atkinson",
            Title       = "Programming languages and databases",
            Organization = "IEEE \& ACM",
      BookTitle   = VLDB4,
      Editor = "S. B. Yao",
      Month  = "September",
      Pages  = "408-419",
            Year        = 1978
            }

@TechReport(atki89,
	Author="Atkinson{\em\~et\~al}, M.P.",
	Title="The Object-Oriented Manifesto",
	Type="Technical Memorandum",
	Institution="Altair/INRIA",
	Year=1984
	)
@techreport{atta81,
	title="Semantics of inheritance and ittributions in the description
        	system Omega",
        author={Attardi, G and Simi, M.},
        institution={MIT},
        number={A.I. Memo 642},
        year=1981,
        month=aug}

@inproceedings{augu84,
author = "L. Augustsson",
title = "A compiler for lazy {ML}",
booktitle = "Symposium on {LISP} and Functional Programming",
year = "1984",
pages = "218--227",
publisher = "ACM"}


%%b

@InProceedings(banc86,
	Author="Bancilhon, F. and Khoshafin, S.",
	Title="A Calculus for Complex Objects",
	Booktitle=PODS,
	Year=1986
	)


@techreport{banc85,
	title="Calculus for Complex Objects",
        author={Bancilhon,F. and Khoshafian, S.},
        institution={MCC},
        year=1985,
        month=oct,
        address={Austin, Texas}}

@InProceedings(banc88,
	Author="Bancilhon, F. and Briggs, T. and Khoshafian, S. and Valduriez, P.",
	Title="{FAD}, a powerful and simple database language",
	BookTitle="Proc. Intl. Conf. on Very Large Data Bases",
	Pages="97--105",
	Year=1988)

@InProceedings{banc88a,
  author = 	"Bancilhon, F.",
  title = 	"Object-Oriented Database Systems",
  booktitle = 	PODS,
  year = 	1988,
  organization = 	"ACM SIGART-SIGMOD-SIGACT",
  address = 	"Austin, Texas",
  month = 	mar
}


@Proceedings{banc89,
  title = 	"Workshop on Database Programming Languages",
  year = 	1989,
  editor = 	"Bancilhon, F. and O. P. Buneman",
  publisher = 	"Addison-Wesley",
  note = 	"To appear"
}

@Book(bare84,
	Author="Barendregt, H.P.",
	Title="The Lambda Caluculus",
	Publisher="North-Holland",
	Volume="103",
	Series="Studies in Logic and the Foundations of Mathematics",
	Year=1984,
	Note="revised edition"
	)

@article{bate85,
	author={Bates, J. and Constable, R. L.},
	title="Proofs as Programs",
	year=1985,month=jan,
	journal=toplas,
	volume=7,
	number=1}

@incollection{beer81,
	title="On the Properties of Join Dependencies",
	author={Beeri,C. and Vardi, M.Y.},
	booktitle={Advances in Data Base theory Vol 1},
	publisher={Prenum Press},
	year=1981,
	address={New York}}

@inproceedings{bees81,
	author={Beeson, M},
	title="Formalizing Constructive Mathematics: Why and How?",
	booktitle={Constructive Mathematics, Lecture Note in Mathematics},
	year=1981,
	pages={146,190}}

@incollection{bert84,
	author={Bertoni, A. and Mauri, G. and Miglioli, P. and Ornaghi, M.},
	title="Abstract Data Types and Their Extentions within a Constructive Logic",
	booktitle={Semantics of Data Types, Lecture Notes in Computer Science 173},
	publisher={Springer-Verlag},
	year=1984,
	month=jun}

@book{beth59,
	author={Beth, E. W.},
	title="The Foundations of Mathematics",
	publisher={Noth-Holland},
	year=1959,
	address={Amsterdam}}

@book{bish67,
	author={Bishop, E.},
	title="Foundations of Constructive Analysis",
	year=1967,
	publisher={McGraw-Hill},
	address={New York}}

@incollection{bish70,
	author={Bishop, E.},
	title="Mathematics as a numerical language",
	booktitle={Intuitionism and Proof Theory},
	year=1970,
	publisher={North-Holland},
	editor={Kino, A. and Myhill, J. and Vesel, R. E.}}

@incollection{bisk81,
	title="A Formal Approach to Null Values in Database Relations",
	author={Biskup,J.},
	booktitle={Advances in Data Base Theory Vol 1},
	year=1981,
	publisher={Prenum Press},
	address={New York}}


@InProceedings{bloo87,
  author = "Bloom, T. and Zdonik, S.",
  title = "Issues in the Design of Object-Oriented Database
		 Programming Languages",
  booktitle = "OOPSLA",
  year = 1987,
  pages = "441--451"
}

@InProceedings(borg85,
	Author="Borgida, A.",
	Title="Thoughts on accomodating exceptions to (type) constraints in 
		Information Systems",
	Booktitle=appin85,
	Pages="275--280",
	Month=aug,
	Year=1985
	)

@inproceedings{borg89pods,
	Author = "A. Borgida",
	Title = "Type Systems for Class Hierarchies with Non-strict 
		Inheritance",
	Booktitle = "Proc. 1989 PODS",
	Pages = "394-400",
	Year = 1989,
	Month = "March"
	}		
@article{brac85,
	title="An Overview of the KL-one Knowledge Representation System",
	author={Brachman,R.J. and Schmolze,J.G.},
	journal={Cognitive Science},
	volume=9,
	number=3,
	year=1985,
	manth=apr}

@InProceedings(brad85,
	Author="Brady, L. I.",
	Title="A Universal Relation Assumption Based on Entities and 
		Relationships",
	Booktitle="The 4th International Conference on Entity-Relationship
		Approach",
	Pages="208--215",
	Organization="IEEE Computer Society",
	Publisher="Computer Science Press",
	Month=oct,
	Year=1985
	)

@inproceedings{brea85,
    author =       {V. Breazu-Tannen and A. R. Meyer},
    title =        {Lambda calculus with constrained types 
(Extended abstract)},
    editor =       {R. Parikh},
    booktitle =    {Proceedings of the Conference on Logics of
Programs, Brooklyn, June 1985},
    pages =        {23--40},
    publisher =    {{\em Lecture Notes in Computer Science}, Vol.~193,
Springer-Verlag},
    year =         1985
}

@inproceedings{tannen-etal88,
author = "Breazu-Tannen, V. and O. P. Buneman and Gunter, C.A.",
title = "Flexible type systems for the rapid development of reliable software",
booktitle = "Productivity: Progress, Prospects and Payoff",
month = "June",
year = "1988",
editor = "J. E. Gaffney",
publisher = "Association for Computing Machinery"}

@Unpublished(brea88,
	Author="Breazu-Tannen, V. and Coquand, T. and Gunter, C.A. and Scedrov, A.",
	Title="Inheritance and Explicit Coercion (Preliminary Report)",
	Note="Unpublished Manuscript, University of Pennsylvania",
	Tear=1988)

@InProceedings{brea89,
  author = 	"Breazu-Tannen, V. and Coquand, T. and Gunter, C.A. and Scedrov, A.",
  title = 	"Inheritance and Explicit Coercion (Preliminary Report)",
  booktitle = 	"Proceedings LICS'89",
  year = 	1989,
  pages =	"112--129"
}

}

@Unpublished{brea89a,
  author = 	"Breazu-Tannen, V. and O. P. Buneman and Ohori, A.",
  title = 	"Can Object-Oriented Database be Statically Typed?",
  note = 	"Submmited for publication.",
  year = 	1989,
  month =   jan
}

@Article{brea89dbeng,
  author = 	"Breazu-Tannen, V. and  O. P. Buneman and Ohori, A.",
  title = 	"Static Type-checking in Object-Oriented Databases",
  journal = 	"Data Engineering",
  volume =	12,
  number =	3,
  month =	sep,
  year = 	1989
}
@inproceedings{brea91icalp,
	title="Logical and computational aspects of programming with lists/bags/sets",
	author={Breazu-Tannen, V. and Subrahmanyam, R.},
        booktitle={Proceedings of the 18th International 
                   Colloquium on Automata, Languages, and Programming},
        place = "Madrid",
        pages= "60--75",
        month = jul,
        year=1991,
        note = "LNCS 510"
        }

@InProceedings{brea89dbpl,
  author = 	"Breazu-Tannen, V. and O. P. Buneman and Ohori, A.",
  title = 	"Can Object-Oriented Databases be Statically Typed?",
  booktitle = 	"Proc. 2$^{nd}$ International Workshop on Database
		 Programming Languages",
  year = 	1989,
  publisher = 	"Morgan Kaufmann Publishers",
  address = 	"Gleneden Beach, Oregon",
  month = 	"June"
}

@inproceedings{brea91dbpl,
	author = "Breazu-Tannen, V. and O. P. Buneman and Naqvi, S.",
	title="{Structural Recursion as a Query Language}",
	booktitle = "{Proc. 3$^{rd}$ International Workshop on Database 
	Programming   Languages}",
       	month = "August",
        year = 1991,
	place = "Nafplion,  Greece",
        pages = "9-19",
	publisher = "Morgan Kaufmann"
	}

@InProceedings{brea92icdt,
	Author="Breazu-Tannen, V. and O. P. Buneman and Wong, S.",
	Title="Naturally Embedded Query Languages",
	BookTitle="Proc.\ International Conference on Database Theory",
	Address="Berlin",
	Month=oct,
	Year=1992,
	note="To appear in LNCS"
	}

@Book(bres82,
	Editor="Bresnan, J.",
	Title="The Mental Representation of Grammatical Relations",
	Publisher="MIT Press",
	Address="Cambridge, Massachusetts",
	Year=1982
	)

@Unpublished(bruc85,
	Author="Bruce, K.B. and Meyer, A.R. and Mitchell, J.C.",
	Title="The Semantics of second-order lambda calculus",
	Month=nov,
	Year=1985
	)

@InProceedings(bruc84,
	Author="Bruce, K. and Meyer, A.",
	Title="The Semantics of Second-Order Polymorphic Lambda Caluculus",
	Booktitle="Proc. International Symposium on Semantics of Data Types",
	Pages="131--144",
	Publisher="Springer-Verlag",
	Year=1984
	)

@Article(bruc86,
	Author="Bruce, K. B. and Wegner, P.",
	Title="An Algebraic Model of Subtypes in Object-Oriented Languages",
	Journal="SIGPLAN Notices",
	Volume="21",
	Number=10,
	Month=oct,
	Year=1986,
	Pages="163--172"
	)

@Article(bruc88,
	Author="Bruce, K. B. and Meyer, A. R. and Mitchell, J. C.",
	Title="The semantics of second-order lambda calculus",
	Journal="Information and Computation",
	Year=1988,
	Note="to appear")

@article{bune82,
	title="An Implementation Technique for Database Query Languages",
        author={O. P. Buneman and Frankel, R. E. and Nikhil, R.},
        journal=tods,
        volume=7,
        number=2,
        year=1982}

@inproceedings{bune85,
	title="Data Types for Data Base Programming",
	author={O. P. Buneman},
	year=1985,
	booktitle=appin85,
        address={Computer Science Department, University of Glasgow}}

@InProceedings{bune86sigmod,
  author = 	"O. P. Buneman and Atkinson, M.",
  title = 	"Inheritance and Persistence 
		in Database Programming Languages",
  booktitle = 	"Proceedings of the ACM SIGMOD conference",
  year = 	1986,
  month = 	"May -- June",
  place = 	"Washington, DC"
}

@InProceedings(bune86,
	Author="O. P. Buneman and Ohori, A.",
	Title="A Domain Theoretic Approach to Higher-order Relations",
	Booktitle="International Conference on Database Theory,
		Lecture Notes in Computer Science 243",
	Publisher="Springer-Verlag",
	Year=1986
	)

@Unpublished(bune87,
	Author="O. P. Buneman and Ohori, A.",
	Title="Using Powerdomains to Generalize Relational Databases",
	Year=1987,
	Note="To appear in {\it Theoretical Computer Science}, Available as a 
	technical report from Department of 
	Computer and Information Science, University of Pennsylvania"
	)

@Article(bune91tcs,
	Author="O. P. Buneman and Jung, A. and Ohori, A.",
	Title="{Using Powerdomains to Generalize Relational Databases}",
	Journal="Theoretical Computer Science",
	Volume="To Appear",
	Year=1989,
	Note="Available as a technical report from Department of Computer 
               and Information Science, University of Pennsylvania"
	)


@article(bune89is,
        author="O. P. Buneman and Davidson, S. and Watters, A.",
        title="{Querying Independent Databases}",
        journal="{Information Sciences: An International Journal}", 
        year=1989,
	pages = "170-218" )

@inproceedings{bune88pods,
	author = "O. P. Buneman and Davidson, S. and Watters, A.",
	title="A Semantics for Complex Objects and Approximate Queries",
	booktitle = PODS,
       	month = "March",
        year = 1988,
	note = "Full version to appear in Journal of Computer and System
		Sciences"
	}
@inproceedings{bune89hetdb,
	author = "O. P. Buneman and Davidson, S. and Watters, A.",
	title="Federated Approximations for Heterogeneous Databases",
	booktitle = "Proceedings of the Heterogeneous Database Workshop",
       	month = "December",
        year = 1989,
	place = "Evanston, Illinois"
	}

@inproceedings{bune91dbpl,
	author = "O. P. Buneman and Ohori, A.",
	title="{A Type System that Reconciles Classes and Extents}",
	booktitle = "{Proc. 3$^{rd}$ International Workshop on Database 
	Programming   Languages}",
       	month = "August",
        year = 1991,
	place = "Nafplion,  Greece",
        pages = "191--202",
	publisher = "Morgan Kaufmann"
	}

@Article{bune93tods,
  author = 	"O. P. Buneman and Ohori, A.",
  title = 	"Type Inference and Polymorphism in Database Programming",
  journal = 	TODS,
  note = "To appear.  Available as a Technical report from the University of 
         Pennsylvania"
	}


@InProceedings(burs80,
	Author="Burstall and MacQueen and Sannella",
	Title="{HOPE}: An experimental applicative language",
	Booktitle="Proceedings 1st LISP conference",
	Year=1980
	)

@inproceedings{burs84,
	author={Burstall, R.},
	title="Programming with Modules as Typed Functional Programming",
	booktitle={Conference on Fifth Generation Computing Systems},
	year=1984,
	month=nov,
	address={Tokyo}}

@InProceedings(burs84b,
	Author="Burstall, R. and Lampson, B",
	Title="A Kernel Language for Abstract Data Types and Modules",
	Booktitle="Semantics of Data Types, Lecture Notes in Computer Science 173",
	Pages="1--50",
	Publisher="Springer-Verlag",
	Year=1984
	)

%
%c

@inproceedings{card84,
	title="A Semantics of Multiple Inheritance",
        author={Cardelli, L.},
        booktitle={Semantics of Data Types, Lecture Notes in
		 Computer Science 173},
        publisher={Springer-Verlag},
        year=1984}

@TechReport(card84b,
	Author="Cardelli, L.",
	Title="Amber",
	Type="Technical Memorandum",
	Number="TM 11271-840924-10",
	Institution="AT\&T Bell Laboratories",
	Year=1984
	)

@TechReport(card85b,
	Author="Cardelli, L.",
	Title="A polymorphic $\lambda$-caluculus with {Type:Type}",
	Institution="SEC System Research Center",
	Address="Palo Alto, Ca",
	Year=1985
	)


@Article(card85,
	Author="Cardelli, L. and Wegner, P.",
	Title="On Understanding Types, Data Abstraction, and Polymorphism",
	Journal={Computing Surverys},
	Volume="17",
	Number=4,
	Month=dec,
	Year=1985,
	Pages="471--522"
	)


@InProceedings{card88,
  author = 	"Cardelli, L.",
  title = 	"Structural Subtyping and the Notion of Power Types",
  booktitle = 	POPL88,
  year = 	1988,
  address = 	"San Diedo, California",
  month = 	jan
}

@TechReport{card88a,
	Author="Cardelli, L.",
	Key="Cardelli",
	Title="Quest",
	Institution="Digital Equipment Corporation",
	Year="1988",
	Address="130 Lytton Avenue, Palo Alto, CA 94301"}

@Misc{card88b,
  author = 	"Cardelli, L. and Mitchell, J.",
  title = 	"Semantic methods for object-oriented languages",
  howpublished = 	"Unpublished lecture notes for tutorial given
		 at the Conference on Object-Oriented Programming
		 Systems, Languages, and Applications",
  year = 	1988,
  month = 	sep
}

@InProceedings{care86,
	Author="Carey, M. and DeWitt, D. and Richardson J. and Sheikta, E",
	Title="Object and File Management in the {EXODUS} Extensible 
                Database System",
	BookTitle="Proceedings of the 12th VLDB Conference, Kyoto, Japan",
	Month="August",
	Year="1986"}


@InProceedings{cartm85,
	Author = "Cartmell, J.",
	Title = "Formalising the Network and Hierarchical 
		Data Models -- an Application of Categorical Logic",
	Booktitle = "Category Theory and Computer Programming,
		LNCS 240",
	Publisher = "Springer-Verlag",
	Pages = "466--492",
	Year = "1985",
	Month = "September"}

	
@InProceedings(cart84,
	Author="Cartwright, R.",
	Title="Types as Intervals",
	Booktitle=POPL84,
	Pages="22--36",
	Year=1984
	)

@InProceedings(cazi85,
	Author="Cazin, J. and Jacquart, R. and Michel, P.",
	Title="The {F1} Formalism, An Extension of the Entity-Rlationship Model
		Using the First Order Logic",
	Booktitle="The 4th International Conference on Entity-Relationship
		Approach",
	Pages="216--223",
	Organization="IEEE Computer Society",
	Publisher="Computer Science Press",
	Month=oct,
	Year=1985
	)

@book{cca83,
	title="{ADAPLEX}: Rationale and Reference Manual",
	author={Smith, J. M. and Fox, S. and Landers, T.},
	publisher={Computer Corpolation of America},
	address={Four Cambridge Center, Cambridge, Massachusetts 02142},
	year=1983,
	edition={second}}

@InProceedings(chan84,
	Author="Chan, E.P.F.",
	Title="Optimal Computation of Total Projections with Unions of Chase 
		Join Expressions",
	Booktitle="Proceedings of ACM SIGMOD Conference",
	Pages="149--163",
	Year=1984
	)



@Article{chen76,
  author = 	"Chen, P. P.",
  title = 	"The Entity-Relationship Model: Toward  a Unified
		 View of Data",
  journal = 	TODS,
  year = 	1976,
  volume = 	1,
  number = 	1,
  pages = 	"9--36"
}

@article{codd70,
	title="A Relational Model For Large Shared Databank",
	author={Codd, E. F.},
	journal=cacm,
	volume=13,
	number=6,
	year=1970,
	pages={377--387}}

@article{codd79,
	title="Extending the Database Relational Model to Capture More Meaning",
	author={Codd,E.F.},
	journal=tods,
	volume=4,
	number=4,
	year=1979,
	month=dec,
	pages={397--434}}

@inproceedings{cons71,
	author={Constable, R. L.},
	title="Constructive Mathematics and Automatic Program Writers",
	booktitle={Proc. of IFIP Congress},
	year=1971,
	address={Ljubljana},
	pages={229-233}}

@inproceedings{cons80,
	author={Constable, R. L.},
	title="Programs and Types",
	booktitle={Proceedings 21st Annual Symposium on Foundations of Computer
Science},
	organization={IEEE},
	year=1980,
	pages={118-128}}

@book{cons82,
	author={Constable, R. L. and Johnson, S. D. and Eichenlaub, C. D.},
	title="Introduction to the {PL/CV2} Programming Logic, Lecture Note in Computer
Science 135",
	publisher={Springer-Verlag},
	year=1982}

@incollection{cons85,
	author={Constable, R. L.},
	title="Constructive Mathematics as A Programming Logic {I}: Some
		Principles of Theory",
	year=1985,
	publisher={North-Holland},
	booktitle={Topics in the Theory of Computation},
	note={Book title should be checked}}

@article{cons83a,
	author={Constable, R. L.},
	title="Programs as Proofs: A Synopsis",
	journal=ipl,
	year=1983,
	volume=16,
	pages={105-112}}

@inproceedings{cons83b,
	author={Constable, R. L.},
	title="Mathematics as Programming",
	booktitle={Logics of Programs, Lecture Note in Computer Science},
	publisher={Springer-Verlag},
	year=1983}

@inproceedings{cons83c,
	author={Constable, R. L.},
	title="Partial Functions in Constructive Formal Theories",
	booktitle={Proceeding of 6th G.I. Conference, Lecture Note in Computer
Science 45},
	year=1983,
	publisher={springer=Verlag},
	note={This citation must be wrong.}}

@article{cons84,
	author={Constable, R. L. and Zlatin, D. R.},
	title="The Type Theoy of {PL/CV3}",
	journal=toplas,
	volume=6,
	number=1,
	year=1984,
	month=jan,
	pages={94-117}}

@inproceedings{cons99,
	author={Constable, R. L. and Mendler, N. P.},
	title="Recursive Definitions in Type Theory",
	booktitle={Lecture Notes in Compueter Science, volume to be checked},
	year=99,
	publisher={Springer-Verlag}}

@InProceedings(cool85,
	Author="Cooley, R.E.",
	Title="A Specification Model for Information System",
	Booktitle="The 4th International Conference on Entity-Relationship
		Approach",
	Pages="140--147",
	Organization="IEEE Computer Society",
	Publisher="Computer Science Press",
	Month=oct,
	Year=1985
	)

@InProceedings{cope84,
   Author      = "Copeland, G. and Maier, D.",
   Key         = "Copeland \& Maier",
   Title       = "Making Smalltalk a Database System",
   BookTitle   = "Proceedings of ACM SIGMOD",
   Publisher   = "ACM",
   Volume      = 14, Number = 2,
   Month       = "June", Year = "1984",
   Pages       = "316-325"
   }

   @Article(copp83,
	Author="Coppo, M.",
	Title="On the Semantics of Polymorphism",
	Journal="Acta Informatica",
	Volume="20",
	Year=1983,
	Pages="159--170"
	)


@Article(copp84,
	Author="Coppo, M.",
	Title="Completeness of Type Assignment in Continuous Lambda Models",
	Journal="Theoretical Computer Science",
	Volume=29,
	Pages="309--324",
	Year=1984)

@InProceedings(copp85,
	Author="Coppo, M.",
	Title="A Completeness Theorem for Recursively Defined Types",
	Booktitle="Automata, Languages and Programming, 12th Colloquium,
		LNCS 194",
	Editor="Goos, G. and Hartmanis, J.",
	Pages="120--129",
	Publisher="Splinger-Verlag",
	Month=jul,
	Year=1985
	)

@techreport{cosm85,
	title="Partition Semantics for Relations",
        author={Cosmdakis, S.S. and Kanellakis, P.C. and Spyratos, N},
        institution={Brown University},
        year=1985,
        month=dec}

@Article(cour83,
	Author="Courcelle, B.",
	Title="Fundamental Properties of Infinite Trees",
	Journal="Theoretical Computer Science",
	Volume="25",
	Pages="95--169",
	Year="1983")


@Article(cour86,
	Author="Courcelle, B.",
	Title="Equivalences and Transformations of Regular Systems -- Applications to Recursive Program Schemes and Grammars",
	Journal=TCS,
	Volume=42,
	Pages="1--122",
	Year=1986)

@book{curr68,
	author={Curry, H. B. and Feys, R.},
	title="Combinatory Logic",
	volume=1,
	year=1968,
	publisher={North-Holland},
	address={Amsterdam}}

@book{curr72,
	author={Curry, H. B. and Hindley, J.R. and Seldin, J.P.},
	title="Combinatory Logic",
	volume=2,
	year=1972,
	publisher={North-Holland}}


%%d

@Article(dahl66,
	Author="Dahl, O. and Nygaard, K.",
	Title="Simula, an {Algol}-based simulation language",
	Journal=cacm,
	Volume="9",
	Year=1966,
	Pages="671--678"
	)


@InProceedings(dama82,
	Author="Damas, L. and Milner, R.",
	Title="Principal type-schemes for functional programs",
	Booktitle=POPL82,
	Pages="207--212",
	Year=1982
	)

@book{date81,
	title="An Introduction to Database System Vol 1",
	author={Date,C.J.},
	publisher={Addison-Wesley},
	year=1981,
	edition={third}}

@incollection{debr70,
	author={{de Bruijn}, N. G.},
	title="The mechanical language {AUTOMATH}, its usage, and some of its 
extentions",
	booktitle={Lecture Note in Mathematics},
	year=1970,
	publisher={Springer-Verlag}}

@incollection{debr80,
	author={{de Bruijn}, N. G.},
	title="A survey of project {AUTOMATH}",
	booktitle={To H. B. Curry: Essays on Combinatory Logic, 
Lambda-Calculus and Formalism},
	publisher={Academic Press},
	year=1980,
	pages={579-607}}


@Article(deli79,
	Author="Deliyanni, A. and Kowalski, R. A.",
	Title="Logic an Semantic Network",
	Journal=cacm,
	Volume="22",
	Number=3,
	Month=mar,
	Year=1979
	)


@techreport{deme80,
	title="Semantics of {Russell}: An Exercise in Abstruct Data Types",
	author={Demers,A. and Donahue,J.},
	INSTITUTION={Computer Science Department, Cornell University},
	year=1980}

@techreport{demo91tech,
	title="{Categorial relations}",
        author="de Moor, O.",
        institution={Programming Research Group, Oxford},
        year=1991}

@article{dona85,
	author={Donahue, J. and Demers, A.},
	title="Data Types are Values",
	journal=toplas,
	year=1985,
	month=jul,
	volume=7,
	number=3,
	pages={426,445}}

@article(dwor84,
	Author="Dwork, C. and Kanellakis, P. and Mitchell, J.",
	Title="On the Sequential Nature of Unification",
	Journal="Journal of Logic Programming",
	year=1984,
	pages="35--50",
	volume=1)

@InProceedings(dybj84,
	Author="Dybjer, P.",
	Title="Domain Algebras",
	Booktitle="The 11th Colloquium of Automata, Languages and Programming,
		LNCS 172",
	Editor="Paredaens, J.",
	Pages="138--150",
	Publisher="Springer-Verlag",
	Month=jul,
	Year=1984
	)

@inproceedings{dybj85,
	author={Dybjer, P.},
	title="Program Verification in a Logical Theory of Constructions",
	booktitle={Lecture Note in Computer Scienc},
	year=1985,
	publisher={Springer-Verlag}}

%%e
@Article(earl71,
	Author="Earley, J",
	Title="Toward an Understanding of Data Structures",
	Journal=cacm,
	Volume="14",
	Month=oct,
	Year=1971,
	Pages="617--627"
	)
@book(eliot82,
	Author="Eliot, T.S.",
	Title="Old {Possum's} Book of Practical Cats",
	Publisher={Harcourt Brace Jovanovic},
	Place={New York},
	Year=1982)

@article{elsp72,
	title="An Assessment of Techniques for Proving Program Correctness",
	author={Elspas, B. and Levit, K. N. and Waldinger, R. J. and 
            Waksman, A.},
	journal={Computing Surveys},
	volume=4,
	number=2,
	month=jun,
	year=1972}


%%f

@InProceedings(fisc83,
	Author="Fischer, P.C. and Thomas, S.J.",
	Title="Operators for Non-First-Normal-Form Relations",
	Booktitle="Proc. IEEE COMPSAC",
	Year=1983
	)

@Article(flec71,
	Author="Fleck, A.C.",
	Title="Towards a Theory of Data Structures",
	Journal=jcss,
	Volume="5",
	Year=1971,
	Pages="475--488"
	)

@InCollection(frie73,
	Author="Friedman, H.",
	Title="Equations between functionals",
	BookTitle="Lecture Notes in Mathematics 453",
	Pages="22-33",
	Publisher="Springer-Verlag",
	Year=1973)

@Article(frin54,
	Author="Frink, Orrin",
	Title="Ideals in Partially Ordered Sets",
	Journal="American Mathematical Monhly",
	Month=Apr,
	Year=1954,
	Pages="223--234"
	)


@InCollection(furb85,
	Author="Furbach, U. and Dirlich, G. and Freksa, C.",
	Title="Towards a Theory of Knowledge Representation Systems",
	Booktitle="Artificial Inteligence: Methodology, System. Applivations",
	Editor="Bible, W. and Petkoff, B.",
	Pages="77--84",
	Publisher="Noth-Holland",
	Year=1985
	)

@Book(furt99,
	Author="Furtado, A.L. and Neuhold, E. J.",
	Title="Formal Techniques for Data Base Design",
	Publisher="Springer-Verlag"
	)

%%g


@Book(gare79,
	Author="Garey, M. R. and Johnson, D. S.",
	Title="Computer and Intractability, A Guide to the Theory of 
		{NP}-Completeness",
	Publisher="Freeman",
	Address="New York",
	Year=1979
	)

@PhdThesis{gina76,
  author = 	"Ginali, Susanna",
  title = 	"Iterative Algebraic Theories, Infinite Trees and
		 Program Schemata",
  school = 	"University of Chicago",
  year = 	1976
}

@Unpublished(gold74,
	Author="Gold, E. M.",
	Title="Complexity of automaton identification from given data",
	Year=1974,
	Note="Unpublished manuscript, Reference found in \mbox{[GJ79]}"
	)

@Book{GOLDB80,
      Author = "Goldberg, A. and Robson, D.",
      Key    = "Goldberg \& Robson",
      Title  = "Smalltalk-80: the language and its implementation",
      Publisher = "Addison-Wesley",
      Year   = "1983"
      }

@InCollection{gorn67,
  author = 	"Gorn, S.",
  title = 	"Explicit definitions and linguistic dominoes",
  booktitle = 	"Systems and Computer Science",
  publisher = 	"University of Toronto Press",
  year = 	1967,
  editor = 	"Hart, J. and Takasu, S.",
  pages = 	"77--105"
}

@Book(graz85,
	Editor="Grazdar, G. and Klein, E. and Pullum, G.K. and Sag, I.",
	Title="Generalized Phase Structure Grammar",
	Publisher="Blackwell Publishing",
	Address="Oxford, England",
	Year=1985
	)

@InCollection(geor85,
	Author="Georgescu, I.",
	Title="The Hypernet Method for Representing Knowledge",
	Booktitle="Artificial Intelligence: Methodology, Systems, Applications",
	Editor="Bibel, W. and Petkoff, B.",
	Pages="47--58",
	Publisher="Noth-Holland",
	Year=1985
	)

@Book(gier80,
	Author="Gierz, G. and Hofmann, H.K. and Keimel, K. and Lawson, J.D. 
		and Mislove, M. and Scott, D.S.",
	Title="A Compendium of Continuous Lattices",
	Publisher="Springer-Verlag",
	Year=1980
	)
@inproceedings(gira71,
	author="Girard, J.-Y.",
	title="Une extension de l'interpretation de G{\"o}del \`{a}
	l'analyse, et son application \`{a} l'\'{e}limination des
	coupures dans l'analyse et th\'{e}orie des types.",
	booktitle="Second Scandinavian Logic Symposium",
	page="63--92",
	publisher="Springer-Verlag",
	year=1972
	)


@inproceedings{goad99,
	author={Goad, C. A.},
	title="Proofs as Descriptions of Computation",
	booktitle={Lecture Note in Computer Science},
	publisher={Springer-Verlag}}
%	note={Year and Book title must be checked}}

@Article(gogu86,
	Author="Goguen, J.A. and Meseguer, J.",
	Title="Extensions and Foundations of Object-oriented Programming",
	Journal="SIGPLAN Notices",
	Volume="21",
	Number=10,
	Month=oct,
	Year=1986
	)

@inproceedings{goad82,
	author={Goad, C.},
	title="Automatic Construction of Special Purpose Programs",
	booktitle={6th Annual Conference on Automated Deduction,
	Lecture Notes in Computer Science 138},
	year=1982}

@book{gord79,
	title="Edinburgh {LCF}",
	author={Gordon,M.J. and Milner,A.J.R.G. and Wadsworth, C.P.},
	year=1979,
	publisher={Springer-Verlag},
	series={Lecture Note in Computer Science}}

@InProceedings{gold80,
               Author      = "Goldstein, I. P. and Bobrow, D. G.",
               Key         = "Goldstein",
               Title       = "Extending object oriented programming in
                              Smalltalk",
               BookTitle   = "Proceedings of the 1980 Lisp Conference",
               Year        = 1980,
               Month       = "August",
               Pages       = "75-81"
              }

@Book(gold83,
	Author="Goldberg, A. and Robson, D.",
	Title="{SMALLTALK-80}. The language and its implementation",
	Publisher="Addison-Wesley",
	Year=1983
	)

@InProceedings(gunt85,
	Author="Gunter, C.",
	Title="A Universal Domain Technique for Profinite Posets",
	Booktitle="The 12th Colloquium of Automata, Languages and Programming,
		LNCS 194",
	Editor="Brauer, W.",
	Pages="232--243",
	Publisher="Springer-Verlag",
	Month=jul,
	Year=1985
	)
		  
@article{gunter91tcs,
author = "C. A. Gunter",
title = "The mixed powerdomain",
journal = "Theoretical Computer Science",
year = "1991",
note = "In press"}


%%h
@Article(hamm81,
	Author="Hammer, N. and McLeod, D.",
	Title="Database Description with {SMD:} A Semantic Database Model",
	Journal=tods,
	Volume="6",
	Number=3,
	Month=sep,
	Year=1981,
	Pages="351--386"
	)

@article{hant76,
	title="An introduction to proving the correctness of programs",
	author={Hantler, S. L. and King, J. C.},
	journal={Computing Surveys},
	volume=8,
	number=3,
	month=sep,
	year=1976}

@TechReport(harp86,
	Author="Harper, R. and MacQueen, D. B. and Milner, R.",
	Title="Standard {ML}",
	Type="LFCS Report Series",
	Number="ECS-LFCS-86-2",
	Institution="Department of Computer Science, University of Edinburgh",
	Month=mar,
	Year=1986
	)

@TechReport(harp88,
	Author="Harper, R. and Milner, R. and Tofte, M.",
	Title="The Definition of {Standard ML} (Version 2)",
	Type="LFCS Report Series",
	Number="ECS-LFCS-88-62",
	Institution="Department of Computer Science, University of Edinburgh",
	Month=aug,
	Year=1988
	)


@InProceedings(hayn84,
	Author="Haynes, C.T",
	Title="A Theory of Data Type Representation Independence",
	Booktitle="Semantics of Data Types",
	Pages="157--175",
	Publisher="Springer-Verlag",
	Year=1984
	)
@techreport{heckmann92tech,
	author="Heckmann, R.",
	title="{???}",
	year=1992,
	institution="{Department of Computing, Imperial College, London}"
        }


@Article(hend86,
	Author="Hendler, J.",
	Title="Enhancement for multiple-inheritance",
	Journal="SIGPLAN Notices",
	Volume="21",
	Number=10,
	Month=oct,
	Year=1986,
	Pages="98--106"
	)

@book{heyt56,
	author={Heyting, A.},
	title="Intuitionism An Introduction",
	year=1956,publisher={North-Holland},
	address={Amsterdam}}



@Article(hind69,
	Author="Hindley, R.",
	Title="The Principal Type-Scheme of an Object in Combinatory Logic",
	Journal="Trans. American Mathematical Society",
	Volume="146",
	Pages="29--60",
	Month=dec,
	Year=1969)

@InProceedings(hind82,
	Author="Hindley, R.",
	Title="The Simple Semantics for {Coppo--Dezani--Sall\'e} Types",
	BookTitle="Proc. 5th Symposium on Programming, Lecture Notes in Computer Science 137",
	Pages="212--226",
	Year=1982)

@Article(hind83a,
	Author="Hindley, R.",
	Title="The Completeness Theorem for Typing $\lambda$-Terms",
	Journal="Theoretical Computer Science",
	Volume=22,
	Pages="1--17",
	Year=1983)

@Article(hind83b,
	Author="Hindley, R.",
	Title="Curry's type-rules are complete with respect to the F-semantics too.",
	Journal="Theoretical Computer Science",
	Volume="22",
	Pages="127--133",
	Year=1983)

@Book(hind86,
	Author="Hindley, J. R. and Seldin, J. P.",
	Title="Introduction to Combinators and $\lambda$-Calculus",
	Publisher="Cambridge University Press",
	Year=1986)

@InProceedings(hook84,
	Author="Hook, J.G.",
	Title="Understanding {Russell}, A First Attempt",
	Booktitle="Semantics of Data Types, Lecture Notes in Computer Science 173",
	Pages="69--107",
	Publisher="Springer-Verlag",
	Year=1984
	)

@TechReport{hopc71,
  author = 	"Hopcroft, J.E. and Karp, R.M.",
  title = 	"An Algorithm for Testing the Equivalence of Finite Automata",
  institution = 	"Department of Computer Science, Cornell University",
  year = 	1971,
  type = 	"Technical Report",
  number = 	"TR-71-114",
  address = 	"Ithaca, NY."
}

@Book{hopc79,
  author = 	"Hopcroft, J. and Ullman, J.",
  title = 	"Introduction to automata theory, languages, and computation",
  publisher = 	"Addison-Wesley",
  year = 	1979
}

@InProceedings(horn80,
	Author="Hornung, G. and Raulefs, P.",
	Title="Terminal Algebra Semantics and Retractions for Abstract 
		Data Types",
	Booktitle="The 7th Colloquium of Automata, Languages and Programming,
        	LNCS 85",
	Editor="Bakker, J.W. and Leeuwen, J.",
	Pages="310--323",
	Publisher="Springer-Verlag",
	Month=jul,
	Year=1980
	)

@incollection{howa80,
	author={Howard, W.},
	title="The formulae-as-types notion of construction",
	booktitle={To H. B. Curry: Essays on Combinatory Logic, Lambda-Calculus and
		Formalism},
	publisher={Academic Press},
	year=1980,
	pages={476-490}}

@InProceedings(hrba85,
	Author="Hrbacek, K.",
	Title="Powerdomains as Algebraic Lattices",
	Booktitle="Automata, Languages and Programming, 12th Colloquium",
	Editor="Brauer, W.",
	Pages="281--289",
	Publisher="Springer-Verlag",
	Month=jul,
	Year=1985
	)


@PhdThesis{huet76,
  author = 	"Huet, G",
  title = 	"R\'esolution d'\'equations dans les langages d'ordre
                 1,2,$\ldots\omega$",
  school = 	"University Paris",
  year = 	1976
}

@Article(hull84,
	Author="Hull, R. and Yap, C.K.",
	Title="The Format Model: a theory of database organization",
	Journal=jacm,
	Volume="31",
	Number=3,
	Year=1984,
	Pages="518--537"
	)

@Article{hull86,
  author = 	"Hull, R.",
  title = 	"Relative information capacity of simple relational
		 database schemata",
  journal = 	"SIAM J. Computing",
  year = 	1986,
  volume = 	15,
  number = 	3,
  pages = 	"856--886",
  month = 	"August"
}

@Article(hull87,
	Author="Hull, R. and King, R.",
	Title="Semantic Database Modeling: Survey, Applications and Research Issues",
	Journal="Computing Surveys",
	Volume=19,
	Number=3,
	Month=sep,
	Year=1987)



@InBook{hull87a,
  author = 	"Hull, R.",
  title = 	"Databases",
  chapter = 	"5\ A survey of theoretical research on typed complex
		 database objects",
  publisher = 	"Academic Press",
  year = 	1987,
  pages = 	"193--253"
}

%%i
@article{ichb79,
	title="Rationale of the Design of the Programming Language {Ada}",
author     =  "Ichbiah, J.H. and Barnes, J.G.P. and Heliard, J.C. and
                Krieg-Bruckner, B. and Roubine, O. and Wichmann, B.A.",
	journal={SIGPLAN Notices},
	volume=14,
	number=6,
	year=1979}

@InProceedings{imie81,
  author = 	"Imielinski, T. and Lipski, W.",
  title = 	"On Representing Incomplete Information in a
		 Relational Databases",
  booktitle = 	"Proc. $7^{th}$ International Conference on Very Large
		 Data Bases",
  year = 	1981,
  pages = 	"388--397",
  address = 	"Cannes",
  month = 	sep
}

@Article{imie84,
  author = 	"Imielinski, T. and Lipski, W.",
  title = 	"Incomplete Information in Relational Databases",
  journal = 	"Journal of ACM",
  year = 	1984,
  volume = 	31,
  number = 	4,
  pages = 	"761--791",
  month = 	oct
}

%%j

@InProceedings{jaes82,
  author = 	"Jaeschke, G and Schek, H.",
  title = 	"Remarks on Algebra on Non First Normal Forn Relations",
  booktitle = 	PODS,
  year = 	1982,
  pages = 	"124--138",
  address = 	"Los Angeles",
  month = 	mar
}

@inproceedings{jate88,
    author =       {Jategaonkar, L. A. and Mitchell, J.C.},
    title =        "{ML} with extended pattern matching and subtypes",
        Booktitle="Proc. ACM Conference on LISP and Functional
                Programming",
	Address="Snowbird, Utah",
    month =        jul,
    pages = "198--211",
    year =         1988
}

@Book(jani80,
	Author="J{\"{a}}nich, K.",
	Title="Topology",
	Publisher="Springer-Verlag",
	Series="Undergraduate Texts in Mathematics",
	Year=1984
	)
@InProceedings{JARK82a,
  Key          = "Jarke and Schmidt",
  Author       = "Jarke, M. and Schmidt, J.W.",
  Title        = "Query processing strategies in the {Pascal/R} relational database
                  management system",
  Organization = "ACM",
  BookTitle    = "Proceedings of the ACM SIGMOD conference on Management of Data,
                  Orlando, Florida",
  Year         = 1982,
  month        = Jun
}
@book{jens75,
      key = "Jensen \& Wirth",
      Author = "Jensen, K. and Wirth, N.",
      Title  = "{PASCAL} user manual and report",
      edition= "second",
      Publisher="Springer-Verlag",year  =  1975, Address = "Berlin"}

@InProceedings{jung91mfps,
	Author="Jung, A. and Libkin, L. and Puhlmann, H.",
	Title="Decomposition of domains",
	Booktitle="Proc. of the Conference on Mathematical Foundations
		of Programming Semantics, Pittsburgh, Pennsylvania",
	Publisher="Springer-Verlag",
	Month=mar,
	Year=1991,
        Note = "LNCS 598",
	}

%%k

@TechReport(kay83,
	Author="Kay, M.",
	Title="Unifcation Grammar",
	Type="Technical Reprot",
	Institution="Xerox Palo Alto Research Center",
	Address="Palo Alto California",
	Year=1983
	)

@Article(kent81,
	Author="Kent, W.",
	Title="Consequences of assuming a universal relation",
	Journal=tods,
	Volume="6",
	Year=1983,
	Pages="331--347"
	)

@inproceedings{kfou88,
	author={Kfoury, A.J. and Tiuryn, J. and Urzyczyn, P.},
	title="A Proper Extension of {ML} with an Effective Type-Assignment",
	booktitle=POPL88,
	pages={58-69},
	year=1988}

@InProceedings(khos86,
	Author="Khoshafian, S.N. and Copeland, G.p.",
	Title="Object Identity",
	Booktitle="Proc. OOPSLA",
	Pages="406--416",
	Month=sep,
	Year=1986
	)

@inproceedings{kifer89sigmod,
        author="Kifer, M. and Lausen, G.",
        title="{F-Logic: A Higher-Order Language for
		Reasoning about Objects, Inheritence, and Scheme}",
	booktitle = 	"Proceedings of the ACM SIGMOD conference",
  	year = 	1989,
  	month = 	"May -- June",
  	pages =	"46--57"
}


@article{klee45,
	author={Kleene, S. C.},
	title="On the interpretation of intuitionistic number theory",
	journal={Journal of Symbolic Logic},volume=10,pages={109-124},
	year=1945}

%%l
@inproceedings{lars84,
	title="Using Information System to Solve Recursive Domain Equations
		effectively",
	author={Larsen,K.G. and Winskel,G.},
	booktitle={Semantics of Data Types, Lecture Notes in Computer Science},
	year=1984,
	publisher={Springer-Verlag}}

@InProceedings(leiv83,
	Author="Leivant, D.",
	Title="Polymorphic Type Inference",
	Booktitle=POPL83,
	Pages="155--166",
	Year=1983
	)

@InProceedings(lenz85,
	Author="Lenzerini, M.",
	Title="{SERM}: Semantic Entity-Relationship Model",
	Booktitle="The 4th International Conference on Entity-Relationship
		Approach",
	Pages="270--278",
	Organization="IEEE Computer Society",
	Publisher="Computer Science Press",
	Month=oct,
	Year=1985
	)

@InProceedings{libk91mfdb,
	Author="Leonid Libkin",
	Title="{A Relational Algebra for Complex Objects Based on
		Partial Information}",
	Booktitle="Proc. of the 3rd Symposium on Mathematical Fundamentals
		of Database Systems, Rostock, Germany",
	Publisher="Springer-Verlag",
	Month=may,
	Year=1991,
	Note = 	"LNCS 495"
	}

@InProceedings{lien79,
  author = 	"Lien, Y.",
  title = 	"Multivalued dependency with null values in relational
		 data bases",
  booktitle = 	"Proc.\ 5th International Conference on Very Large
		 Data Bases",
  year = 	1979,
  pages = 	"61--66",
  address = 	"Rio de Janeiro, Brazil",
  month = 	oct
}

@Article(lien82,
	Author="Lien, Y.",
	Title="On the Equivalence of Database Models",
	Journal=jacm,
	Volume="29",
	Number=2,
	Month=apr,
	Year=1982,
	Pages="333-362"
	)

@article{lips79,
	title="On Semantic Issues Connected with Incomplete Information Databases",
	author="Lipski, W.",
	journal=tods,
	volume=4,
	number=3,
	year=1979,
	month=sep,
	pages={262--296}}

@book{lisk81,
    author =       {Barbara Liskov and Russell Atkinson and Toby Bloom and
                    Eliot Moss and J. Craig Schaffert and Robert Scheifler
                    and Alan Snyder},
    title =        {{CLU} Reference Manual},
    series =       "Lecture Notes in Computer Science",
    volume =       114,
    publisher =    {Springer-Verlag},
    address =      {Berlin},
    year =         1981
}

@book{lcf,
	author={Gordon, M. and Milner, R. and Wadsworth, C.},
	title="Edinburgh {LCF}: A Mechanized Logic of Computation. Lecture Notes in
Computer Science 78",
	publisher={Springer-Verlag},
	year=1979}


@InProceedings{lecl88,
  author = 	"Lecluse, C. and Richard, P. and Velez, F.",
  title = 	"$O_2$, an Object-Oriented Data Model",
  booktitle = 	"In Proc. ACM SIGMOD Conference",
  year = 	1988
}

@InProceedings{lecl88a,
  author = 	"Lecluse, C. and Richard, P.",
  title = 	"Modeling Inhertitance and Genericity in
		 Object-Oriented Databases",
  booktitle = 	"Proc. $2^{nd}$ International Conference on Database Theory",
  year = 	1988,
  pages = 	"223--238"
}

%%m

@PhdThesis{macc79,
  author = 	"Maccracken, N.",
  title = 	"An Investigation of a Programming Language with a
		 Polymorphic Type Structure",
  school = 	"Syracuse University",
  year = 	1979
}

@Article(mads86,
	Author="Madsen, O.L.",
	Title="Block Structure and Object Oriented Languages",
	Journal="SIGPLAN Notices",
	Volume="21",
	Number=10,
	Month=oct,
	Year=1986
	)

@Book(maie83,
	Author="Maier, D.",
	Title="The Theory of Relational Databases",
	Publisher="Computer Science Press",
	Year=1983
	)

@InCollection(maie86,
	Author="Maier, D. and Rozenshtein, D. and Warren, D.S.",
	Title="Window Functions",
	Booktitle="Advances in Computing Research Volume 3, 
		The Theory of Databases",
	Editor="Kanellakis, P. and Preparata, F.P.",
	Pages="213--246",
	Publisher="JAI Press Inc.",
	Address="London, England",
	Year=1986
	)


@InProceedings{maie86a,
  author = 	"Maier, D.",
  title = 	"A Logic for Objects",
  booktitle = 	"Proceedings of Workshop on Deductive Database and
		 Logic Programming",
  year = 	1986,
  address = 	"Washington, D.C.",
  month = 	aug
}

@InCollection(maie89,
	Author="Maier, D",
	Title="Why Database Languages Are a Bad Idea",
	BookTitle="Workshop on Database Programming Languages",
	Editor="Bancilhon, F. and O. P. Buneman.",
	Publisher="Addison-Wesley",
	Year=1989,
	Note="To Appear")


@article{mann80,
	author={Manna, Z. and Waldinger, R.},
	title="A Deductive Approach to Program Synthesis",
	journal=toplas,
	volume=2,
	number=1,
	year=1980,
	month=jun,
	pages={90-121}}

@techreport{macq82,
	title="A semantic model of types for applicative languages",
	author={MacQueen,D.B. and Sethi,R.},
	institution={Bell Laboratories},
	year=1982}

@inproceedings{macq84,
	title="An ideal model for recursive polymoprphic types",
        author={MacQueen, D.B. and Plotkin, G.D. and Seti, R.},
        booktitle=POPL84,
        note={Extended Version},
        year=1984}

@InProceedings(XXXXXmacq86,
	Author="MacQueen, D.",
	Title="Using Dependnt Types to Express Modular Structure",
	Pages="277--286",
	Year=1986
	)
@inproceedings{    MacQueen.1986,
    author =       {D. B. MacQueen},
    title =        {Using dependent types to express modular structure},
    booktitle =    {Conf. Record Thirteenth Ann. Symp.
                    Principles of Programming Languages},
    pages =        {277--286},
    organization = {ACM},
    month =        jan,
    year =         1986
}

@Article(macq86a,
	Author="MacQueen, D.B. and Plotkin, G.D. and Sethi",
	Title="An ideal model for recursive polymorphic types",
	Journal="Information and Control",
	Volume=71,
	Number={1/2},
	Year=1986,
	Pages="95--130"
	)

@Misc{macq88,
  author = 	"MacQueen, D.",
  title = 	"References and Weak Polymoprhism",
  howpublished = 	"Note in Standard ML of New Jersey
		 Distribution Package",
  year = 	1988
}

@techreport{maie85,
	title="Window Functions",
        author={Maier, D. and Rozenshtein,D. and Warren, D. S.},
        institution={Oregon Graduate Center},
        number={CS/E 84-002},
        year=1984,
        note={Revised May 1985}}

@incollection{mart75,
	author={Martin-L{\"{o}}f},
	title="An Intuitionistic Theory of Types: Predicative Part",
	booktitle={Logic Colloquium},
	year={1975},
	editor={Rose, H. E. and Shepherdson, J. C.},
	publisher={Noth Holland},
	address={Amsterdam}}

@inproceedings{mart82,
	author={Martin-L{\"{o}}f},
	title="Constructive Mathematics and Computer Programming",
	booktitle={6th International Congress for Logic, Methodology and Philosophy of
Science},
	year={1982},
	publisher={Noth Holland},
	address={Amsterdom}}

@book{mart84,
	author={Martin-L{\"{o}}f},
	title="Intuitionistic Type Theory",
	year=1984,
	publisher={Bibliopolis},
	address={Napoli, Italy},
	series={Studies in Proof Theory}}

@inproceedings{matt89,
author=          {Matthes, F. and Schmidt, J.W.},
title=           {The Type System of DBPL},
booktitle=       {Proc. of the 2nd Workshop on Database Programming Languages,
                  Salishan Lodge, Oregon},
month=           jun,
year=            1989,
pages=           "255--260"
}                

@InCollection(mayo85,
	Author="Mayoh, B.H.",
	Title="Unified Thory of Knowledge Representation",
	Booktitle="Artificial Intelligence: Methodology, Systems, Applications",
	Editor="Bibel, W. and Petkoff, B.",
	Pages="35--46",
	Publisher="Noth-Hilland",
	Year=1985
	)

@InProceedings(mcal86,
	Author="McAllester, D.",
	Title="Boolean Classes",
	Booktitle="OOPSL86",
	Pages="417--423",
	Month=sep,
	Year=1986
	)

@article{mcca83,
	author={Mccarty, C.}, 
	title="Intuitionism: An Introduction to a Seminar",
	journal={Journal of Philosophical Logic},volume=12,
	year=1983,
	pages={105-149}}

@PhDThesis(mccr79,
	Author="McCracken, N.J.",
	Title="An Investigatigation of a Programming Language with a 
Polymorphic Type Structure",
	School="Syracuse University",
	Year=1979
	)

@misc{macq,
	author={Macqueen, D.},
	title="Using Dependent Types to Express Modular Structure"}

@Book{MERR84,
  Key        = "Merrett",
  Author     = "Merrett, T.H.",
  Title      = "Relational Information Systems",
  Publisher  = "Reston Publishing Co, Prentice-Hall",
  address    = "Reston, Virginia, USA",
  Year       = 1984
  }


@Article(meye82,
	Author="Meyer, A.",
	Title="What is a Model of the Lambda Calculus?",
	Journal="Information and Control",
	Volume=52,
	Pages="87--122",
	Year=1982)

@inproceedings{meye86,
	author={Meyer, A. R. and Reinhold, M. B.},
	title="`Type' is not a type",
	booktitle=POPL86,
	year=1986,
	address={St. Petersburg},
	month=jan}

@InProceedings{meye88,
  author = 	"Meyer, A.R. and Cosmadakis, S.S.",
  title = 	"Semantical Paradigms",
  booktitle = 	"Proc. IEEE Symposium on Logic in Computer Science",
  year = 	1988,
  month = 	"July"
}

@InProceedings(meyeB86,
	Author="Meyer, B.",
	Title="Generality versus Inheritance",
	Booktitle="OOPSLA86",
	Month=sep,
	Year=1986
	)

@unpublished{mill86,
	author={Miller, D. and Felty, A.},
	title="Am Integration of Resolution and Natural Deduction Theorem Proving",
	year=1986,
	note={to appear in 1986 National Conference on Artificial Intelligence}}


@Article(miln77,
	Author="Milner, R.",
	Title="Fully abstract models of typed $\lambda$-calculi",
	Journal="Theoretical Computer Science",
	Volume=4,
	Pages="1--22",
	Year=1977)

@Article(miln78,
	Author="Milner, R.",
	Title="A Theory of Type Polymorphism in Programming",
	Journal=jcss,
	Volume="17",
	Year=1978,
	Pages="348--375"
	)

@article{miln83,
	title="A proposal for standard {ML}",
	author={Milner,R.},
	journal={Polymorphism},
	volume=1,
	number=3,
	year=1983,
	month=dec}

@inproceedings{mish88,
	Author = "Fuh, Y-C. and P. Mishra",
	Title = "Type Inference with Subtypes",
	Booktitle = "Proceedings of ESOP '88",
	Note = "Springer LNCS 300",
        Pages = "94-114",
	Year = 1988}

@InProceedings(mitc84a,
	Author="Mitchell, J.C.",
	Title="Semantic models for second-order lambda caluculus",
	Booktitle="Proc. 25th IEEE Symp. on Foundations of Computer Science",
	Pages="289--299",
	Year=1984
	)

@InProceedings(mitc84b,
	Author="Mitchell, J.C.",
	Title="Type Inference and Type Containment",
	Booktitle="Semantics of Data Types, Lecture Notes in Computer Science 173",
	Pages="257--277",
	Publisher="Springer-Verlag",
	Year=1984
	)

@inproceedings{mitc84c,
	author={Mitchell, J.C.},
	title="Coercion and Type Inference",
	booktitle=POPL84,
	pages={175-185},
	year=1984}

@inproceedings{mitc85,
	author={Mitchell, J. C. and Plotkin, G. D.},
	title="Abstract types have existential types",
	booktitle=POPL85,
	year=1985,pages={37-51},
	address={New Oreans},
	month=jan}

@InProceedings(mitc88,
	Author="Mitchell, J. C. and Harper, R.",
	Title="The Essence of {ML}",
	BookTitle=popl88,
	Address="San Diego, California",
	Pages="28--46",
	Month=jan,
	Year=1988)

@InProceedings(motr81,
	Author="Motro, A. and O. P. Buneman.",
	Title="Constructing Superviews",
	Booktitle="SIGMOD",
	Year=1981
	)

@InProceedings(mulm84,
	Author="Mulmuley, K.",
	Title="A semantic characterization of full abstraction for typed lambda calculus",
	BookTitle="Proc. 25-th IEEE Symposium on Fundations of Computer Science",
	Pages="279--288",
	Year=1984)

@article{myhi75,
	author={Myhill, J.},
	title="Constructive Set Theory",
	journal={Journal of Symbolic Logic},volume=40,
	pages={347,383},
	year=1975}

@article{mylo80,
	title="A Language Facility for Designing Database Intensive Applications",
	author={Bernstein,P. and Mylopoulos,J. and Wong, H.K.T.},
	journal=tods,
	year=1980,
	volume=5,
	number=2,
	month=jun}

@InProceedings{MYLO80b,
   key = "Mylopoulos & Wong",
   Author = "Mylopoulos, J. and Wong, H.K.T.",
   Title =  "Some  features  of  the  {Taxis}  data model",
   BookTitle = VLDB6,
   Month = November, Year = 1980}

@article{moggi88ic,
author = "E. Moggi",
title = "Partial morphisms in categories of effective objects",
journal = "Information and Computation",
year = "1988",
volume = "76",
pages = "250--277"}

%%n

@Article(nguy86,
	Author="Nguyen, V. and Hailpern, B.",
	Title="A Generalized Object Model",
	Journal="SIGPLAN Notices",
	Volume="21",
	Number=10,
	Month=oct,
	Year=1986
	)

@Article(nguy86b,
	Author="Nguyen, V. and Hailpern, B.",
	Title="Basic Concepts in Obejct Oriented Programming",
	Journal="SIGPLAN Notices",
	Volume="21",
	Number=10,
	Month=oct,
	Year=1986
	)

@inproceedings{nord81,
	author={Nordstr{\"{o}}m, B.},
	title="Programming in constructive set theory",
	booktitle={Proceedings of the 1981 Conference on Functional Languages and
Computer Architecture},
	address={Protsmouth, N.H.},
	year=1981,
	pages={141-154}}

@inproceedings{nord83,
	author={Nordstr{\"{o}}m, B. and Petersson, K.},
	title="Types and Specifications",
	booktitle={Information Processing 83},
	publisher={Noth-Holland},
	year=1983}

%%o
@InProceedings{obri86,
	Author="O'Brien, P and Bullis, B and Schaffert, C.",
	Key="O'Brien {\it et al}",
	Title="Persistent and Shared Objects in {Trellis/Owl}",
	BookTitle="Proc. of 1986 IEEE International Workshop on
                   Object-Oriented Database Systems.",
	Year="1986"}


@MastersThesis(ohor86mse,
	Author="Ohori, A.",
	Title="Denotational Semantics of Relational Databases",
	School="Department of Computer and Information Science,
University of Pennsylvania",
	Year=1986
	)


@InProceedings(ohor87dbpl,
	Author="Ohori, A.",
	Title="Orderings and Types in Databases",
	Booktitle="Workshop on Database Programming Languages",
	Pages="149--163",
	Address="Roscoff, France",
	Month=sep,
	Year=1987
	)

@InProceedings(ohor88lfp,
        Author="Ohori, A. and O. P. Buneman.",
        Title="Type Inference in a Database Programming Language",
        Booktitle="Proc. ACM Conference on LISP and Functional
                Programming",
	Pages ="174--183",
        Month=Jul,
	Address="Snowbird, Utah",
        Year=1988
        )


@InProceedings(ohor88icdt,
	Author="Ohori, A.",
	Title="Semantics of Types for Database Objects",
	BookTitle="Proc.\ International Conference on Database Theory,
		Lecture Notes in Computer Science 326",
	Address="Bruges, Belgium",
	Pages="239--251",
	Month=aug,
	Year=1988,
	note="Extended version to appear in a special issue of {\it
Theoretical Computer Science} dedicated to $2^{nd}$ ICDT.")



@Article{ohor89tcs,
  author = 	"Ohori, A.",
  title = 	"Semantics of Types for Database Objects",
  journal = 	"Theoretical Computer Science",
  year = 	"To appear.",
  note = 	"Special issue dedicated to $2^{nd}$ International
		 Conference on Database Theory"
}

@InProceedings{ohor89sigmod,
  author = 	"Ohori, A. and O. P. Buneman. and Breazu-Tannen, V.",
  title = 	"Database Programming in {Machiavelli} --
                  a Polymorphic Language with Static Type Inference",
  booktitle = 	"Proceedings of the ACM SIGMOD conference",
  year = 	1989,
  month = 	"May -- June",
  pages =	"46--57"
}

@InProceedings{ohor89fpca,
  author = 	"Ohori, A.",
  title = 	"A Simple Semantics for {ML} Polymorphism",
  booktitle = 	"Proceedings of ACM/IFIP Conference on Functional Programming
                 Languages and Computer Architecture",
  year = 	1989,
  month = 	sep
}

@InProceedings{ohor89oopsla,
  author = 	"Ohori, A. and O. P. Buneman.",
  title = 	"Static Type Inference for Parametric Classes",
  booktitle = 	"Proceedings of ACM OOPSLA Conference",
  year = 	1989,
  address = 	"New Orleans",
  month = 	oct
}

@PhdThesis{ohor89thesis,
  author = 	"Ohori, A.",
  title = 	"A Study of Types, Semantics and Languages for
		 Databases and Object-oriented Programming",
  school = 	"University of Pennsylvania",
  year = 	1989
}

@Proceedings{oopsla87,
  title = 	"Proceedings of OOPSLA Conference",
  year = 	1987
}



@Proceedings{oopsla88,
  title = 	"Proceedongs of OOPSLA Conference",
  year = 	1988
}

@InProceedings(olth86,
	Author="Olthoff, W. G.",
	Title="Augumentation of object-oriented programming by concepts
	of abstract data type theopry: The {ModPascal} Experience",
	Booktitle="OOPSL86",
	Pages="429--443",
	Month=sep,
	Year=1986
	)

@Article(ossh86,
	Author="Ossher, H. L.",
	Title="A Mechanism for Specifying the Structure of Large, Layered
	Object-Oriented Programs",
	Journal="SIGPLAN Notices",
	Volume="21",
	Number=10,
	Month=oct,
	Year=1986
	)

@InProceedings(ozso85,
	Author="{\"{O}}zsoyo\v{g}lu, Z. and Yuan, L.",
	Title="A Normal Form for Nested Relations",
	Booktitle=PODS,
	Pages="251--260",
	Address="Portland",
	Month=mar,
	Year=1985
	)

@Article{ozso87,
  author = 	"{\"{O}}zsoyo\v{g}lu, Z. and Yuan, L.",
  title = 	"A new normal form for nested relations",
  journal = 	TODS,
  year = 	1987,
  volume = 	12,
  number = 	1,
  pages = 	"111--136",
  month = 	mar
}


@Article{ozso87a,
  author = 	"{\"{O}}zsoyo\v{g}lu, G. and {\"{O}}zsoyo\v{g}lu, Z. M.
   and Matos, V.",
  title = 	"Extended Relational Algebra and Relational Calculus
		 with Set-Valued Attributes and Aggregate Functions",
  journal = 	TODS,
  year = 	1987,
  volume = 	12,
  number = 	4,
  pages = 	"566--608"
}

%%p
@techreport{pete82,
	author={Petersson, K.},
	title="A Programming System for Type Theory",
	institution={Department of Computer Sciences, University of G{\"{o}}teborg},
	year=1982,month=mar}

@InProceedings(pnue85,
	Author="Pnueli, A.",
	Title="Linear and Branching Structures in the Semantics and Logics of 
		Reactive Systems",
	Booktitle="Automata, Langages and Programming, 12th Colloquium, 
		LNCS 194",
	Editor="Brauer, W.",
	Pages="15--32",
	Publisher="Springer-Verlag",
	Month=jul,
	Year=1985
	)

@Article(plot77,
	Author="Plotkin, G.D.",
	Title="{LCF} considered as a programming language",
	Journal="Theoretical Computer Science",
	Volume=5,
	Pages="223--255",
	Year=1977)

@Article(plot78,
	Author="Plotkin, G.",
	Title="$T\omega$ as a Universal Domain",
	Journal=jcss,
	Volume="17",
	Number=2,
	Year=1978,
	Pages="209--236"
	)

@article{plot76,
	title="A Powerdomain Construction",
        author={Plotkin, G. D.},
        journal={Siam Journal Comput.},
        year=1976,
        volume=5,
        nember=3,
        month=sep}

@book{praw65,
	author={Prawitz, D.},
	title="Natural Deduction",
	year=1965,
	publisher={Almqvist \& Wiksell}}

@techreport{prl83,
	author={{PRL staff}},
	title="{RPL}: Proof Refinement Logic Programmer's Manual",
	year=1983,
	institution={Computer Science Department, Cornell University}}

%%q

%%r
@InProceedings(rajl75,
	Author="Rajlich, V.",
	Title="Relational Definition of Computer Languages",
	Booktitle="Mathematical Foundations of Computer Science, LNCS 32",
	Editor="Becvar, J.",
	Pages="362--376",
	Publisher="Springer-Verlag",
	Month=sep,
	Year=1975
	)

@InProceedings(rajl77,
	Author="Rajlich, V.",
	Title="Theory of Data Structures by Relational and Graph Grammars",
	Booktitle="Automata, Languages and Programming, 4th Colloquium, LNCS 52",
	Editor="Gooe, G. and Hartmanis, J.",
	Pages="391--411",
	Publisher="Springer-Verlag",
	Month=jul,
	Year=1977
	)

@inproceedings{read91vldb,
      Author      = "Read, R.L. and Fussel, D.S. and Silberschatz, A.",
      Title       = "{A Multi-Resolution Data Model}",
      Organization = "IEEE \& ACM",
      BookTitle   = VLDB18,
      Month  = "September",
      Year        = 1991
            }


@inproceedings{remy89,
	Author = "R\'{e}my, D.",
	Title = "Typechecking Records and Variants in a Natural Extension of 
         ML",
        booktitle = "ACM Conference on Principles of Programming Languages",
	year = 1989,
	Editor = "MacQueen, David"}

@InProceedings(reyn74,
	Author="Reynolds, J.C.",
	Title="Towards a Theory of Type Structure",
	Booktitle="Paris Colloq. on Programming",
	Pages="408--425",
	Publisher="Springer-Verlag",
	Year=1974
	)

@inproceedings{reyn84,
	author={Reynolds, J. C.},
	title="Polymorphism is not Set-theoretic",
	booktitle={International Symposium on Semantics of Data Types},
	year=1984,
	publisher={Springer-Velrag}}


@inproceedings{reyn85,
	author={Reynolds, J.},
	title="Three Approaches to Type Structure",
	year=1985,
	booktitle={Advanced Seminar on the Role of Semantics in Software Development},
	address={Berlin}}

@InProceedings(rish85,
	Author="Rishe, N.",
	Title="On Denotational Semantics of Data Bases",
	Booktitle="Mathematical Foundations of Programming Semantics,
		   Lecture Notes in Computer Science 239",
	Pages="249--274",
	Publisher="Springer-Verlag",
	Month=apr,
	Year=1985
	)

@Article(robi65,
	Author="Robinson, J. A.",
	Title="A machine-oriented logic based on the resolution principle",
	Journal=jacm,
	Volume="12",
	Month=mar,
	Year=1965,
	Pages="23--41"
	)

@Article{roth88,
  author = 	"Roth, M. A. and Korth, H. F. and Silberschatz, A.",
  title = 	"Extended Algebra and Calculus for Nested Relational Databases",
  journal = 	tods,
  year = 	1988,
  volume = 	13,
  number = 	4,
  pages = 	"389--417"
}

@techreport{roun85,
	title="A Complete Logical Culculus for Record Structures
		Representing Linguistic Information",
        author={Rounds, W. C. and Kasper, R.},
        institution={Electrical Engineering and Computer Department,
        	University of Michigan},
        address={Ann Arbor, Michigan 48109},
        year=1985}

@InProceedings(roun86,
	Author= "W. C. Rounds and R. Kasper",
	Title= "A complete Logical Calculus for Record Structures
		Representing Linguistic Information",
	Booktitle= "IEEE Symposium on Logic in Computer Science",
	Year= 1986)

@TechReport{roun88,
  author = 	"Rounds, W.",
  title = 	"Set values for unification-based grammar formalisms
		 and logic programming",
  institution = "Center for Study of Language and Information",
  year = 	1988,
  month =       jun,
  type = 	"CSLI Technical Report",
  number =      "CSLI-88-129"
}

@Article(rose71,
	Author="Rosenberg, A.L.",
	Title="Data Graphs and Addressing Schemes",
	Journal=jcss,
	Volume="5",
	Year=1971,
	Pages="193--238"
	)

@book{russ03,
	author={Russel, B.},
	title="Principles of Mathematics",
	publisher={Cambridge University Press},
	year=1903,
	address={Cambridge}}

@article{russ08,
	author={Russell, B.},
	title="Mathematical logic based on a theory of types",
	journal={Americal Journal of Mathematics},
	volume=30,
	year=1908,
	pages={222-262}}


%%s

@InProceedings(sand86,
	Author="Sandberg, D",
	Title="An Alternative to Subclassing",
	Booktitle="OOPSLA86",
	Pages="424--428",
	Month=sep,
	Year=1986
	)


@Article(sche86,
	Author="Schek, H.J. and Scholl, M.H.",
	Title="The Relational Model with Relation-Valued Attributes",
	Journal="Information Systems",
	Volume="11",
	Number=2,
	Year=1986
	)

@incollection{sche83,
	author={Scherlis, W. L. and Scott, D. S.},
	title="First Steps Towards Inferential Programming",
	booktitle={Information Processing},
	publisher={North-Holland},
	year=1983}


@TechReport(scio79,
	Author="Sciore, E.",
	Title="Null Values, Updates, and Incomplete Information",
	Type="Technical Report",
	Institution="Department of Electrical Engineering and Computer Science,
		Princeton University",
	Year=1979
	)

@PhDThesis(scio80,
	Author="Sciore, E.",
	Title="The universal instance and database design",
	School="Princeton University",
	Year=1980
	)

@article{schm77,
	title="Some High Level Language Constructs for Data of Type Relation",
        author={Schmidt, J.W.},
        journal=tods,
        volume=5,
        number=2,
        year=1977}


@TechReport(schm84,
	Author="Schmolze, J. and Israel, D",
	Title="{KL-ONE}: Semantics and Classifiaction",
	Type="Thecnical Report",
	Number="5421",
	Institution="Bolt Beranek and Newman Inc.",
	Year=1984
	)

@Book(schm86,
	Author="Schmidt, D.A.",
	Title="Denotational Semantics, A Methodology for Language Development",
	Publisher="Allyn and Bacon",
	Year=1986
	)

@incollection{scot70,
	author={Scott, D.},
	title="Constructive Validity",
	booktitle={Symposium on Automatic Demonstration, Lecture Notes in Mahtematics
	125},
	year=1970,
	publisher={Springer-Verlag},
	pages={237-275},
	address={Berlin}}

@InProceedings(scot72,
	Author="Scott, D.",
	Title="Continuous Lattices",
	Booktitle="Toposes, Algebraic Geometry and Logic, Lecture Notes in Mathematics",
	Pages="97--136",
	Publisher="Springer-Verlag",
	Year=1972
	)


@Article(scot76,
	Author="Scott, D.",
	Title="Data Types as Lattice",
	Journal={SIAM J. Comput.},
	Volume="5",
	Number=3,
	Year=1976
	)

@inproceedings{scot82,
	title="Domains for Denotational Semantics",
	author={Scott, D.},
        booktitle={ICALP},
        year=1982,
        month=jul}

@InProceedings(sern85,
	Author="Sernadas, A. and Sernadas, C.",
	Title="The Use of {E-R} Abstractions for Knwledge Representation",
	Booktitle="The 4th International Conference on Entity Relationship
		 Approach",
	Pages="224--231",
	Organization="IEEE Computer Society",
	Publisher="Computer Science Press",
	Month=oct,
	Year=1985
	)

@InProceedings(sham77,
	Author="Shamir, A. and Wadge, W. W.",
	Title="Data Types as Objects",
	Booktitle="Automata, Languages and Programming, Fourth Colloquium",
	Editor="Salomaa, A. and Steinby M.",
	Pages="465--479",
	Publisher="Springer-Verlag",
	Month=jul,
	Year=1977
	)

@InProceedings(shie84,
	Author="Shieber, S.M.",
	Title="The design of a computer language for linguistic information",
	Booktitle="Proceedings of the Tenth International Conference on 
        Computational Linguistics",
	Month=jul,
	Year=1984
	)
@InProceedings(shie85,
	Author="Shieber, S.M.",
	Title="An Introduction to Unification-Based Approaches to Grammar",
	Booktitle="Proc. 23rd Annual Meeting of the Association for Computational Linguistics",
	Year=1985
	)

@article{ship81,
	title="The Functional Data Model and the Data language {DAPLEX}",
	author={Shipman,D.W.},
	journal=tods,
	volume=6,
	number=1,
	pages={140-173},
	year=1981}

@TechReport(silb85,
	Author="Roth, M.A. and Korth, H.F. and Silberschatz, A.",
	Title="Null Values in $\neg$1NF Relational Databases",
	Type="Technical Report",
	Number="TR-85-32",
	Institution="Department of Computer Sciences, The University of 
		Texas at Austin",
	Month=dec,
	Year=1985,
	note="To appear in ACM Trans. on Database Systems."
	)

@TechReport(silb85a,
	Author="Roth, A.M. and Korth, H.F. and Silberschatz, A.",
	Title="Extended Algebra and Calculus for $\neg$1NF Relational Databases",
	Type="Technical Report",
	Number="TR-84-36",
	Institution="Department of Computer Sciences, The University of Texas at Austin",
	Year=1984,
	Note="revised 1985"
	)

@Article(jurg87,
	Author="Jurgensen, H. and Simovici, D.",
	Title="Towards an Abstruct Theory of Dependency Constraints",
	Journal="Information Systems",
	Volume="41",
	Year=1987
	)

@techreport{simo85,
	title="Towards an Abstruct Theory of Dependency Constraints",
        author={Jurgensen, H. and Simovici, D.A.},
        institution={Department of Mathematics and Computer Science,
    	Universityu of Massachussetts},
        year=1985,
        number={1/85}}

@article{smit77,
	title="Databse Abstructions -- Aggregation and Generalization",
	author={Smith,J.M. and Smith,D.C.P.},
	journal=tods,
	volume=2,
	number=2,
	year=1977,
	month=jun}

@InProceedings{smit87,
  author = 	"Smith, K. E. and Zdonik, S. B.",
  title = 	"Intermedia: A Case Study of the Difference Between
		 Relational and Object-Oriented Database Systems",
  booktitle = 	"Proc. of OOPSLA Conference",
  year = 	1987,
  pages = 	"452--465",
  month = 	oct
}

@article{smyt78,
	title="Power Domains",
        author={Smyth, M.B.},
        journal=jcss,
        volume=16,
	year=1978,
	number=1,
	pages={23--36}}

@inproceedings{smit83,
	author={Smith, J.},
	title="The identification of propositions and types in 
	{Martin}-L{\"{o}}f's type theory: a programming example",
	booktitle={Foundations of Computation Theory, Lecture Note in Computer Science
158},
	year=1983,
	publisher={Springer-Verlag},
	pages={445-456}}

@article{smit84,
	author={Smith, J.},
	title="An interpretation of {Martin}-L{\"{o}}f's type theory 
	in a type-free theory of propositions",
	journal={Journal of Symbolic Logic},year=1985,volume=49,number=3,
	pages={730-753}}

@inproceedings{stan88,
	author={Stansifer, R.},
	title="Type Inference with Subtypes",
	booktitle=POPL88,
	pages={88-97},
	year=1988}


@book{stoy77,
	title="Denotational Semantics: The Scott-Strachey approach
        	to Programming Language Theory",
	author={Stoy, J.},
        publisher={MIT Press},
        year=1977}

@inproceedings{stra67,
	author={Strachey, C.},
	title="Fundamental Concepts on Programming Languages",
	booktitle={Lecture note for International Summer School in
	Computer Programming},
	year=1967}

@Article(stro86,
	Title="A Comparison of the Object-oriented and Process Paradigms",
	Author="Strom, R.",
	Journal="SIGPLAN Notices",
	Volume="21",
	Number=10,
	Month=oct,
	Year=1986
	)

@book{stro87,
	title="{The C++ Programming Language}",
	author="Stroustrup, B.",
        publisher= "Addison-Wesley",
        year=1987}

@article{sund83,
	author={Sundholm, G.},
	title="Constructions, Proofs and the Meaning of Logical Constants",
	journal={Journal of Philosophical Logic},
	year=1983,
	volume=12,
	pages={151-172}}

%%t
@article{tait66,
	author={Tait, W.},
	title="Intensional Interpretations of Functionals of Finite Type I",
	journal={Journal of Symbolic Logic},year=1966,
	volume=32,
	number=2}

@article{teit81,
	author={Teitelbaum, T. and Reps, T.},
	title="The {Cornell} Program Synthesizer: A Syntax-directed programming
environment",
	journal=cacm,volume=24,
	number=9,
	year=1981,
	month=sep,
	pages={563-573}}

@Book{tenn81,
  author = 	"Tennent, R.D.",
  title = 	"{Principles of Programming Languages}",
  publisher = 	"Prentice-Hall",
  year = 	1981
}

@incollection{troe73,
	author={Troelstra, A. S.},
	title="Intuitionistic Formal Systems",
	booktitle={Metamathematical Investigation of Intuitionistic Arithmetic
	and Analysis},
	series={Lecture Notes in Mathematics 344},
	year=1973,
	publisher={Springer-Verlag}}

    
@article{troe84,
   title="Realizability and Intuitionistic Logic",
   author={Diller, D. and Troelstra, A. S.},
   journal={Synthese},
	volume=60,
	year=1984,
	page={253-282}}

@InProceedings(turn85,
	Author="Turner, D.A.",
	Title="Miranda: A non-strict functional language with polymorphic types",
	Booktitle="Functional Programming Languages and Computer Architecture,
		Lecture Notes in Computer Science 201",
	Pages="1--16",
	Publisher="Springer-Verlag",
	Year=1985
	)

%%u
@book{ullm82,
	title="Principle of Database Systems",
        author={Ullman, J.D.},
        publisher={Pittman},
        year=1982,
        edition={second}}

@InProceedings(ullm82a,
	Author="Ullman, J.D.",
	Title="The {U.R.} strikes back",
	Booktitle=PODS,
	Pages="10--22",
	Year=1982
	)

@InProceedings(ullm83,
	Author="Ullman, J.D.",
	Title="Universal Relation interfaces for database systems",
	Booktitle="Proc {IFIP}",
	Month=sep,
	Year=1983
	)


%%v
@techreport{vickers91tech,
	author={Vickers, S.J},
	title="{Geometric Theories and Databases}",
	year=1991,
	institution={Department of Computing, Imperial College, London}}


%%w




@InProceedings(wand84,
	Author="Wand, M.",
	Title="A Types-as-Sets Semantics for {Milner}-Style Polymorphism",
	BookTitle=popl84,
	Pages="158--164",
	Month=jan,
	Year="1984")

@PhdThesis{watters92thesis,
  author = 	"Watters, A.",
  title = 	"",
  school = 	"University of Pennsylvania",
  year = 	1992,
  note = 	"To appear."
}

@InProceedings(wand87,
	Author="Wand, M.",
	Title="Complete Type Inference for Simple Objects",
	Booktitle="Proceedings of the Second Annual Symposium on Logic in Computer Science",
	Pages="37--44",
	Address="Ithaca, New York",
	Month=jun,
	Year=1987
	)
@article{wijn69,
key        =  "van Wijngaarden {\it et al.}",
author     =  "van Wijngaarden, A. {\it et al.}",
title      =  "Report on the Algorithmic Language {Algol} 68",
journal    =  "Numerische Mathematik",
volume  =  14, year  =  1969, pages  =  "79-218"}

@techreport{wins83,
	title="A Note on Powerdomains and Modality",
        author={Winskel, G},
        institution={Department of Computer Science, 
		Carnegie-Mellon University},
	year=1983,
        number={CMU-CS-83-150},
        month=sep}


%%x
@article{xero81,
	title="{The {Smalltalk}--80 System}",
	author="{Xerox~Learning~Research} Group",
	journal={Byte},
	volume=1981,
	number=6,
	year=1981,
	month=aug,
	pages={36--48}}

%%y

%%z
@article{zani84a,
	title="Database Relation with Null Values",
	author={Zaniolo,C.},
	journal=jcss,
	volume=28,
	number=1,
	pages={142-166},
	year=1984}

@article{zani84b,
	title="Prolog: A Database Query Languge for All Seasons",
	author={Zaniolo,C.},
	booktitle={IEEE--ACM International Expert Database System Workshop},
	address={Kiawah Island},
	year=1984,
	month=oct}

