
@string{unuiist = "{\sf UNU/IIST}, the {\sf UN U}niversity's
                        {\sf I}nternational {\sf I}nstitute
                        for {\sf S}oftware {\sf T}echnology"}
@string{address = "P.O.Box 3058, Macau; E-Mail: {\tt library@iist.unu.edu}"}
@string{iistaddr = "P.O.Box 3058, Macau; E-Mail: {\tt library@iist.unu.edu}"}



@STRING{immdtu = "Informatics and Mathematical Modelling"}
@STRING{dtuaddr = "Building 322, Richard Petersens Plads,
                   Technical University of Denmark, DK--2800
                   Kgs.Lyngby, Denmark"}

@STRING{CJ   = "Computer Journal"}
@STRING{ESOP = "European Symposium on Programming"}
@STRING{FPCA = "International Conference on Functional
		 Programming Languages and Computer Architecture"}
@STRING{IFIP = "IFIP World Congress Proceedings"}
@STRING{IPL  = "Information Processing Letters"}
@STRING{JACM = "Journal of the {ACM}"}
@STRING{JCSS = "Journal of Computer and System Sciences"}
@STRING{JFP  = "Journal of Functional Programming"}
@STRING{JTASPEFL = "Analyse Statique en Programmation {\'E}quationnelle,
		 Fonctionnelle, et Logique, Bordeaux, France, Octobre
		 1991. (Bigre, vol. 74)"}
@STRING{LASC = "Lisp and Symbolic Computation"}
@STRING{LFP  = "{ACM} Conference on Lisp and Functional Programming"}
@STRING{LICS = "{IEEE} Symposium on Logic in Computer Science"}
@STRING{LNCS = "Lecture Notes in Computer Science"}
@STRING{MFCS = "Mathematical Foundations of Computer Science"}
@STRING{MFPLS = "Mathematical Foundations of Programming Language Semantics"}
@STRING{NGC  = "New Generation Computing"}
@STRING{PEMC = "Partial Evaluation and Mixed Computation"}
@STRING{PEPM = "Partial Evaluation and Semantics-Based Program
		 Manipulation, New Haven, Connecticut. (Sigplan
		 Notices, vol. 26, no. 9, September 1991)"}
@STRING{PDO  = "Programs as Data Objects, Copenhagen, Denmark.
		 (Lecture Notes in Computer Science, vol. 217)"}
@STRING{POPL = "ACM Symposium on Principles of Programming Languages"}
@STRING{SCP  = "Science of Computer Programming"}
@STRING{SIGPLAN = "Sigplan Notices"}
@STRING{SMD  = "Soviet Mathematics Doklady"}
@STRING{SPE  = "Software -- Practice and Experience"}
@STRING{TCS  = "Theoretical Computer Science"}
@STRING{TOPLAS = "ACM Transactions on Programming Languages and Systems"}
@STRING{TSE  = "IEEE Transactions on Software Engineering"}

Publishers
@STRING{A-W = "Addison-Wesley"}
@STRING{AP  = "Academic Press"}

@STRING{CSP = "Computer Science Press"}
@STRING{CUP = "Cambridge University Press"}
@STRING{JWS = "John Wiley \& Sons"}
@STRING{MIT = "The MIT Press"}
@STRING{OUP = "Oxford University Press"}
@STRING{P-H = "Prentice-Hall"}
@STRING{S-V = "Springer-Verlag"}
@STRING{SL  = "Studentlitteratur, Lund, Sweden"}
@STRING{WHF = "W.H. Freeman"}

Institutions and people
@STRING{BEJ  = "Dines Bj{\o}rner and Andrei Petrovich Ershov and Neil
		  Deaton Jones"} 
@STRING{CCN  = "Computing Center, No\-vo\-si\-birsk, USSR"}
@STRING{CTH  = "Chalmers University of Technology"}
@STRING{DIKU = "DIKU, University of Copenhagen, Denmark"}
@STRING{ISI  = "Informatics Systems Institute, Novosibirsk, USSR"}
@STRING{PMG  = "Programming Methodology Group, Chalmers University of
		 Technology"}
@STRING{UPMAIL = "UPMAIL, Uppsala University, Sweden"}


@string{itdtu = "Dept. of Information Technology, Technical University
		  of Denmark"}
@string{ly = "Bldg.345/167--169, DK--2800 Lyngby, Denmark"}

@string{IDDTH = "Dept. of Comp. Sci., Techn. Univ. of Denmark"}
@string{IBMJR = "IBM J. Res. Develop."}
@string{IEEETC = "IEEE Trans. Comput."}
@string{ACMTODS = "ACM Trans. Database Systems"}
@string{ACTA = "Acta Informatica"}
@string{ARCMLG = "Arch. Math. Logik Grundlag."}
@string{ARTII = "Artificial Intelligence"}
@string{AUSCJ = "Australian Computer Journal"}
@string{BYTE = "Byte"}
@string{CHIJC = "Chinese J. Comput."}
@string{COMAG = "Comput. Aided Geom. Design"}
@string{CLCLC = "CL {\&} CL --- Comput. Linguist. Comput. Lang."}
@string{COMOR = "Comput. Oper. Res."}
@string{COMPN = "Comput. Networks"}
@string{COMPN1 = "Comput. Networks ISDN Systems"}
@string{COMPR = "CR"}
@string{COMPS = "Comput. Surveys"}
@string{COMPS2 = "Comput. {\&} Structures"}
@string{COMPS3 = "Comput. Sci."}
@string{COMPU = "Computing"}
@string{DIGIP = "Digital Process."}
@string{ELEIK2 = "Elektron. Informationsverarb. Kybernet."}
@string{IEETA6 = "IEEE Trans. Aerospace Electron. Systems"}
@string{IEETA7 = "IEEE Trans. Automat. Control"}
@string{IEETC1 = "IEEE Trans. Circuits and Systems"}
@string{IEETC4 = "IEEE Trans. Comput."}
@string{IEETI2 = "IEEE Trans. Inform. Theory"}
@string{IEETS1 = "IEEE Trans. Software Engrg."}
@string{IEETS2 = "IEEE Trans. Systems Man Cybernet."}
@string{INFOC2 = "Inform. and Control"}
@string{INFOS3 = "Inform. Sci."}
@string{INFPL2 = "Inform. Process. Lett."}
@string{INTJC3 = "Internat. J. Comput. Math."}
@string{INTJC4 = "Internat. J. Control"}
@string{INTJC5 = "Internat. J. Comput. Inform. Sci."}
@string{INTRR = "Internat. J. Robotics Res."}
@string{JALGO = "J. Algorithms"}
@string{JCOMS = "J. Comput. System Sci."}
@string{JLOGP = "J. Logic Programming"}
@string{MATHA = "Math. Ann."}
@string{MATHI = "Math. Intelligencer"}
@string{MATST = "Math. Systems Theory"}
@string{RAIAP = "RAIRO Automat.-Prod. Inform. Ind."}
@string{RAIIT2 = "RAIRO Inform. Th{\'e}or."}
@string{RAIRA = "RAIRO Automat."}
@string{SCICP = "Sci. Comput. Programming"}
@string{SCIEA = "Sci. Amer."}
@string{SCIEN = "Science"}
@string{SIAJC1 = "SIAM J. Comput."}
@string{SYSTC = "Systems and Control"}
@string{SYSTS = "Systems Sci."}
@string{ZMATL2 = "Z. Math. Logik Grundlag. Math."}
@STRING{INRIASA  = "INRIA: Sophia Antipolis"}
@STRING{INRIA  = "Institut National de Recherche en
                  Informatique et en Automatique"}
@STRING{INRIAADDR  = "Domaine de Voluceau, Rocquencourt, B.P.105,
                      F--78153 Le Chesnay Cedex, France"}
@STRING{IEEE  = "The Institute of Electrical and Electronics Engineers, Inc."}
@STRING{IEEECS  = "IEEE Computer Society Press"}

@STRING{DAIMI = "Dept. of Computer Science, Aarhus University,
Denmark"}
@STRING{daimi = "Dept. of Computer Science, Aarhus University,
Denmark"}
@STRING{ID = "Dept. of Computer Science, Technical University
of Denmark"}
@STRING{id = "Dept. of Computer Science, Technical University
of Denmark"}
@STRING{Kiel = "Institut f{\"u}r Informatik II, Christians-Albrechts
Universit{\"{a}}t Kiel, Germany"}
@STRING{OU = "Programming Research Group, Oxford University
Computing Laboratory, England"}
@STRING{OLD = "Inst. f. Informatik, Oldenburg Universit{\"{a}}t,
Germany"}
@STRING{RHC = "Royal Holloway and Bedford New College, University
of London, England"}
@STRING{MU = "Dept. of Computer Science, University of
Manchester, England"}
@STRING{ou = "Programming Research Group, Oxford University
Computing Laboratory, England"}
@STRING{old = "Inst. f. Informatik, Oldenburg Universit{\"{a}}t,
Germany"}
@STRING{rhc = "Royal Holloway and Bedford New College, University
of London, England"}
@STRING{mu = "Dept. of Computer Science, University of
Manchester, England"}

@STRING{AW = "Addison-Wesley Publishing Company"}
@STRING{A-W = "Addison-Wesley Publishing Company"}
@STRING{ACM = "Association for Computing Machinery, New York, USA"}
@STRING{Acta = "Acta Informatica"}
@STRING{ANSI = "American National Standards Institute,
                Standards on Computers and Information Processing"}
@STRING{Ann.Rev. = "Annual Review in:
                   `Automatic Programming', Pergamon Press"}
@STRING{CACM = "Communications of the ACM"}
@STRING{Comp.J. = "Computer Journal"}
@STRING{FACS = "Formal Aspects of Computing Science"}
@STRING{IBM = "IBM Ths.J.Watson Research Center, Yorktown Heights, N.Y."}
@STRING{ICALP = "International Colloquium on Automata, Languages and
Programming, European Association for Theoretical Computer Science"}
@STRING{ICS = "International Computing Symposium, ACM Europe"}
@STRING{IFIP = "International Federation for Information Processing,
                World Congress Proceedings"}
@STRING{IJCIS = "International Journal of Computer and Information Sciences"}
@STRING{IPL = "Information Processing Letters"}
@STRING{JACM = "Journal of the ACM"}
@STRING{LNCS = "Lecture Notes in Computer Science"}
@STRING{LN = "Lecture Notes in Computer Science"}
@STRING{MFCS = "Mathematical Foundations of Computer Science, Proceedings"}
@STRING{MI = "Machine Intelligence"}
@STRING{MIT = "Lab. for Computer Science,
               Mass. Inst. of Techn., Cambridge, Mass., USA"}
@STRING{N-H = "North-Holland Publ. Co., Amsterdam, The Netherlands"}
@STRING{NH = "North-Holland Publ. Co., Amsterdam, The Netherlands"}
@STRING{P-H = "Prentice-Hall International"}
@STRING{PHI = "Prentice-Hall International"}
@STRING{POPL = "Principles of Programming Languages,
SIGPLAN/SIGACT Symposium, ACM Conference Record/Proceedings"}
@STRING{PRG = "Programming Research Group, Oxford Univ., Computing Laboratory"}
@STRING{SanJose = "IBM Research, San Jose, California, USA"}
@STRING{SE = "IEEE Transactions on Software Engineering"}
@STRING{Stanford = "Stanford University, Computer Science Department"}
@STRING{S-V = "Springer-Verlag, Heidelberg, Germany"}
@STRING{SV = "Springer-Verlag, Heidelberg, Germany"}
@STRING{SWAT = "Symposium on Switching and Automata Theory"}
@STRING{TUD = "Computer Science Department, Technical University of Denmark"}
@STRING{Vienna = "IBM Vienna Laboratory, Vienna, Austria"}
@STRING{BIT = "BIT, Nordisk Tidsskrift for Informations Behandling"}
@STRING{IST = "Imperial Software Technology, London and Cambridge, UK"}
@STRING{DDC = "Dansk Datamatik Center, Lyngby, Denmark"}
@STRING{DDCADD = "Dansk Datamatik Center, Lyngby, Denmark"}

@STRING{Vienna = "IBM Laboratory, Vienna"}
@STRING{TR = "Technical Report"}
@STRING{LN = "Lab. Note"}
@STRING{ACM = "Assoc.f.Comp.Mach., N.Y., USA"}
@STRING{Acta = "Acta Informatica"}
@STRING{IFIP = "IFIP World Congress Proceedings"}
@STRING{N-H = "North-Holland Publ.Co., Amsterdam"}
@STRING{S-V = "Springer-Verlag"}
@STRING{P-H = "Prentice-Hall"}
@STRING{IST = "Imperial Software Technology, London and Cambridge, UK"}
@STRING{DDC = "Dansk Datamatik Center, Lyngby, Denmark"}

@string{prg = "Programming Research Group"}
@string{oucl = "Oxford University Computing Laboratory"}
@string{oxford = "11 Keble Road, Oxford, UK"}
@string{uk = "UK"}
@string{lncs = "Lecture Notes in Computer Science"}
