

@TechReport{hecs:kas:96a,
  author = 	 "Claus Munk Jensen and Kirsten Ravn and
Leif Berner and Jeannette Beck and
Hans L{\o}kkeaard and Elna Bra{\"u}ner and Hanne Skovbjerg
and Yvonne Nissen and Liddy Panduro and Troels Baltzer Andersen",
  title = 	 "{Elektronisk Patientjournal}",
  institution =  "K{\o}benhavns Amts Sygehusv{\ae}sen",
  year = 	 "1996",
  type = 	 "Rapport",
  OPTnumber = 	 "",
  OPTaddress = 	 "",
  month = 	 "12 December",
  note = 	 "38 sider",
  OPTannote = 	 ""
}


@TechReport{hecs:sust:99a,
  author = 	 "Sundhedsstyrelsen",
  title = 	 "{National strategi for IT i
                   sygehusv{\ae}senet 2000--2002}",
  institution =  "Sundhedsministeriet",
  year = 	 "1999",
  OPTkey = 	 "",
  type = 	 "Rapport",
  number = 	 "2.kt.j.nr. 98--2106--38",
  OPTaddress = 	 "",
  month = 	 "24 August",
  note = 	 "Udkast, 56 sider",
  OPTannote = 	 ""
}



@TechReport{hecs:sust:99b,
  author = 	 "Arne Kverneland (Red.)",
  title = 	 "{Klassifikation af Radiologiske Procedurer}",
  institution =  "Sundhedsstyrelsen, Sundhedsministeriet",
  year = 	 "1999",
  OPTkey = 	 "",
  type = 	 "Rapport",
  OPTnumber = 	 "",
  OPTaddress = 	 "",
  month = 	 "Oktober",
  note = 	 "49 sider",
  OPTannote = 	 ""
}



@TechReport{hecs:sust:99c,
  author = 	 "Henrik Sand{\o} and Arne Kverneland and
S{\o}ren Vingtoft and S{\o}ren Lippert and Anne Fr{\"o}lich",
  title = 	 "{Databaser for Klinisk Kvalitet --- En
Statusrapport}",
  institution =  "Sundhedsstyrelsen, Sundhedsministeriet",
  year = 	 "1999",
  OPTkey = 	 "",
  type = 	 "Rapport",
  OPTnumber = 	 "",
  OPTaddress = 	 "",
  month = 	 "Marts",
  note = 	 "105 sider",
  OPTannote = 	 ""
}



@TechReport{hecs:kas:96b,
  author = 	 "Fischer and Lorenz",
  title = 	 "{Den Kliniske IT--Arbejdsplads
--- Foranalyse}",
  institution =  "K{\o}benhavns Amts Sygehudirektorat",
  year = 	 "1996",
  OPTkey = 	 "",
  type = 	 "Rapport",
  OPTnumber = 	 "",
  address = 	 "Sygehusdirektoratet, Informatikafdelingen",
  month = 	 "December",
  note = 	 "80 sider",
  OPTannote = 	 ""
}



@TechReport{hecs:kas:97a,
  author = 	 "Kent K. Hansen and Troels Baltzer Andersen
and Jan Stokkebro Hansen and Niels E. Andersen",
  title = 	 "{IT--Systemarkitektur for
K{\o}benhavns Amts Sygehusv{\ae}sen --- Bind 1:
Funktionssammenh{\ae}nge}",
  institution =  "K{\o}benhavns Amts Sygehudirektorat",
  year = 	 "1997",
  OPTkey = 	 "",
  OPTtype = 	 "",
  number = 	 "Version 2.2",
  OPTaddress = 	 "",
  month = 	 "1 Juni",
  note = 	 "83 sider",
  OPTannote = 	 ""
}


@TechReport{hecs:kas:97b,
  author = 	 "Niels E. Andersen and Troels Baltzer Andersen
and Jan Stokkebro Hansen and Kent K. Hansen",
  title = 	 "{IT--Systemarkitektur for
K{\o}benhavns Amts Sygehusv{\ae}sen --- Bind 2:
Tekniske platforme og l{\o}sningsmodeller}",
  institution =  "K{\o}benhavns Amts Sygehudirektorat",
  year = 	 "1997",
  OPTkey = 	 "",
  OPTtype = 	 "",
  number = 	 "Version 1.2",
  OPTaddress = 	 "",
  month = 	 "1 Juni",
  OPTnote = 	 "64 sider",
  OPTannote = 	 ""
}

@TechReport{hecs:vchi:98a,
  author = 	 "S{\o}ren Vingtoft and S{\o}ren Lippert
and Niels Kolds{\o}e and Knut Bernstein and Morten Bruun 
Rasmussen and Christian N{\o}hr and Stig Kj{\ae}r Andersen and
Margit Kristensen",
  title = 	 "{EPJ Observatoriet ---
{\AA}rsrapport for 1998}",
  institution =  "Virtuel Center for Sundhedsinformatik",
  year = 	 "1998",
  OPTkey = 	 "",
  type = 	 "Teknisk Rapport",
  number = 	 "99--1",
  address = 	 "Fr. Bajersvej 7D, 9220 {\AA}lborg {\O}",
  OPTmonth = 	 "",
  note = 	 "Tre f{\o}rste forfatter er fra DSI: Institut
for Sundhedsv{\ae}sen, to n{\ae}ste fra Center for 
Sundheds\--telematik, og tre sidste fra Aalborg Universitet.
31 sider",
  OPTannote = 	 ""
}

@TechReport{hecs:vchi:96b,
  author = 	 "V--CHI",
  title = 	 "{Concepts and Plan of Action 1997--1999 for
                  V--CHI}",
  institution =  "Virtual Center for Healthcare Informatics",
  year = 	 "1996"}

@TechReport{hecs:vchi:96c,
  author = 	 "V--CHI",
  title = 	 "{Project Activity in V--CHI}",
  institution =  "Virtual Center for Healthcare Informatics",
  year = 	 "1998"}

@TechReport{hecs:aaas:99a,
  author = 	 "{\AA}rhus Amt",
  title = 	 "{Dom{\ae}ne Objektmodel ---
1050 Elektronisk Patientjournal Dom{\ae}ne Analyse
(EPJ DA)}",
  institution =  "IT A/S",
  year = 	 "1999",
  OPTkey = 	 "",
  OPTtype = 	 "",
  OPTnumber = 	 "",
  address = 	 "Lyseng All{\'e} 1, 8270 H{\o}jbjerg",
  month = 	 "5 November",
  note = 	 "Modellen er en
data model for en del af en krav\--specifikation til
en ud\--liciteret IT integrations\--til\--bruger\--modul 
l{\o}sning. Modellen beskriver data\--indhold og strukturering
af data. Modellerings\--teknikken bygger p{\aa} s{\ae}dvanlig
objekt\--orientering (UML, mv.). 56 sider",
  OPTannote = 	 ""
}


@TechReport{hecs:ehcr:98a99a,
  author = 	 "Katja Stramer (Ed.)",
  title = 	 "{EHCR SupA: Electronic Healthcare
Record Support Action}",
  institution =  "CHIME: Centre for Health Informatics
\& Multiprofessional Education",
  year = 	 "1998 + 1999",
  type = 	 "Web documents",
  address = 	 "Royal Free \& University College Medical 
     School, University College London",
  month = 	 "27 August, resp. 16 November",
  note = 	 "{\sl Overview (1 page), 
Fundamentals (3 pages), 
Making a Standard for EHCR Architecture (2 pages), 
Introduction to CEN ENV 13606 EHCR Standard (1 page), 
Interim Report to CEN (69 pages).} 
"}

@TechReport{hecs:ehcr:99a,
  author = 	 "D. S. L. Lloyd",
  title = 	 "{Coordinated Response. 
EHCR SupA: Electronic Healthcare
Record Support Action}",
  institution =  "CHIME: Centre for Health Informatics
\& Multiprofessional Education",
  year = 	 "1999",
  type = 	 "Web documents",
  address = 	 "Ctr.\ f.\ Health 
Informatics \&c., Univ.\ Coll.\
London, Whittington Hospital Campus, London N19 5NF, UK",
  month = 	 "March",
  note = 	 "38 pages"}

@TechReport{hecs:ehcr:98a,
  author = 	 "D. S. L. Lloyd",
  title = 	 "{Interim Report to CEN, Public Domain 
Version. Critique of Foundation Standard ENV 12265. 
EHCR SupA: Electronic Healthcare
Record Support Action}",
  institution =  "CHIME: Centre for Health Informatics
\& Multiprofessional Education",
  year = 	 "1998",
  type = 	 "Web documents",
  address = 	 "Ctr.\ f.\ Health 
Informatics \&c., Univ.\ Coll.\
London, Whittington Hospital Campus, London N19 5NF, UK",
  month = 	 "May",
  note = 	 "iv + 69 pages"}

@TechReport{hecs:ehcr:99b,
  author = 	 "R. M. Dixon and D. A. Camplin and P. A. Grubb
                  and D. S. L. Lloyd",
  title = 	 "{Architecture review and comments to CEN
based on First Working Documents.
EHCR SupA: Electronic Healthcare
Record Support Action. I: Comprehensive Architecture Overview,
II: Consolidate list of Requirements}",
  institution =  "CHIME: Centre for Health Informatics
\& Multiprofessional Education",
  year = 	 "1999",
  OPTkey = 	 "",
  type = 	 "Web documents",
  number = 	 "Deliverable 3.3, Parts I--II",
  address = 	 "First three authors: Medical Informatics
  Group, Hull Univ., Cottingham Rd., Hull HU6 7RX, UK;
Last author: Ctr.\ f.\ Health Informatics \&c., Univ.\ Coll.\
London, Whittington Hospital Campus, London N19 5NF, UK",
  month = 	 "7 April (I), March (II)",
  note = 	 "Part I is derived from part II.
I: 27 pages, II: 55 pages",
  OPTannote = 	 ""
}

@TechReport{hecs:hisa:97a,
  author = 	 "EHTO",
  title = 	 "{Medical Informatics: 
  Healthcare Information System Architecture, etc.}",
  institution =  "CEN/TC 251: 
European Committee for Standardisation, 
Technical Committee 251",
  year = 	 "1997",
  OPTkey = 	 "",
  type = 	 "Web documents",
  OPTnumber = 	 "",
  address = 	 "rue de Stassart 36, 
            B--1050 Bruxelles, Belgium",
  month = 	 "8 December",
  note = 	 "Approx. 100 pages. Seems to prescribe
a conceptual software architecture. It is not clear what the
requirements are, let alone the domain --- other than some
``common knowledge / spinal chord'' conception of otherwise
undocumented healtcare",
  OPTannote = 	 ""
}

@TechReport{hecs:hisa:99a,
  author = 	 "Werner Kierski and Nic Slocum and William
Payne",
  title = 	 "{Hospital Information and Data Management
Systems --- a Contents Listing Overview}",
  institution =  "Global Intelligence",
  year = 	 "1999",
  type = 	 "Web document",
  OPTnumber = 	 "",
  OPTaddress = 	 "4 Cavendish Square, London W1M 0BX,
England (E--Mail: global@thguk,com)",
  OPTmonth = 	 "25 May",
  note = 	 ""}

@TechReport{hecs:hisa:00a,
  author = 	 "EHTO",
  title = 	 "{List of documents and slides: Health
Telematics}",
  institution =  "EHTO",
  year = 	 "1997",
  type = 	 "Web document",
  OPTnumber = 	 "",
  OPTaddress = 	 "",
  OPTmonth = 	 "17 January",
  note = 	 ""}

@Manual{hecs:kmd:96a,
  title = 	 "{{\sf GS!{\aa}ben} Brochurer}",
  OPTauthor = 	 "",
  organization = "Kommunedata",
  OPTaddress = 	 "",
  OPTedition = 	 "",
  year = 	 "1996--\ldots",
  OPTmonth = 	 "",
  note = 	 "Godt 100 sider brochurer:
{\sf Apotek, 
Basisjournalen,  
Booking, 
Breve, 
Cloverleaf [dokument\--overf{\o}ring],
Depot, 
EDIFACT,
Edi2web,  
Elpost, 
Find liste, 
F{\o}dejournalen, 
F{\ae}rdigbehandlede patienter, 
GS til PC,
GS!{\aa}ben Introduktion,
Historiske sygehuskontakter [visitation], 
Indlagte patienter, 
Kaution,  
KMD Post,
[KMDs samarbejdspartnere], 
KMDs deltagelse i EU projekter,
Kodesamling, 
Komplikationer, 
Konsulentydelser,
Kritiske medicinske data
Laboratoriesvar,
Ledelsesinformation,
Mammografi,  
Morsoplysninger,
Patientjournal Introduktion,  
Patientjournal,
Patientjournaler, 
Patientadministration, 
Personoplysninger,
Port{\o}r,  
Projektdata, 
Procedurer, 
Psykiari, 
Rapport, 
Ressourceplaner, 
R{\o}ntgen,  
Servicem{\aa}lsrapport, 
Sikkerhed,  
Sygehusets organisationsplan, 
Telenurse, 
TIBO [kalender]}",
  OPTannote = 	 ""
}

@TechReport{hecs:sust:99d,
  author = 	 "Sundhedsstyrelsen",
  title = 	 "{Patientforl{\o}b} som registreringsenhed",
  institution =  "Sundhedsministeriet",
  year = 	 "1999 (?)",
  OPTkey = 	 "",
  type = 	 "Notat",
  OPTnumber = 	 "",
  address = 	 "Amaliegade 13, 1012 K{\o}benhavn K",
  OPTmonth = 	 "",
  note = 	 "19 sider",
  OPTannote = 	 ""
}


@TechReport{hecs:sust:99e,
  author = 	 "Sundhedsstyrelsen",
  title = 	 "{Standard for grundstruktur i den elektroniske
 patientjournal}",
  institution =  "Sundhedsministeriet",
  year = 	 "1999",
  OPTkey = 	 "",
  type = 	 "Notat",
  OPTnumber = 	 "",
  address = 	 "Amaliegade 13, 1012 K{\o}benhavn K",
  month = 	 "22 Oktober",
  note = 	 "8 sider",
  OPTannote = 	 ""
}

@TechReport{hecs:sust:99f,
  author = 	 "Sundhedsstyrelsen",
  title = 	 "{Associationer i modellen Elektronisk
Patientjournal --- Overordnet grundstruktur}",
  institution =  "Sundhedsministeriet",
  year = 	 "1999",
  OPTkey = 	 "",
  type = 	 "Notat",
  OPTnumber = 	 "",
  address = 	 "Amaliegade 13, 1012 K{\o}benhavn K",
  month = 	 "16 November",
  note = 	 "4 sider",
  OPTannote = 	 ""
}


@TechReport{hecs:sust:99g,
  author = 	 "Sundhedsstyrelsen",
  title = 	 "{Medicinoplysninger}",
  institution =  "Sundhedsministeriet",
  year = 	 "1999",
  OPTkey = 	 "",
  type = 	 "Notat",
  OPTnumber = 	 "",
  address = 	 "Amaliegade 13, 1012 K{\o}benhavn K",
  month = 	 "7 November",
  note = 	 "3 sider",
  OPTannote = 	 ""
}


@TechReport{hecs:sust:99h,
  author = 	 "Sundhedsstyrelsen",
  title = 	 "{Medikamentel intervention 
        --- Oversigtsdiagram}",
  institution =  "Sundhedsministeriet",
  year = 	 "1999",
  OPTkey = 	 "",
  type = 	 "Notat",
  OPTnumber = 	 "",
  address = 	 "Amaliegade 13, 1012 K{\o}benhavn K",
  month = 	 "1 November",
  note = 	 "3 sider",
  OPTannote = 	 ""
}


@TechReport{hecs:sust:99i,
  author = 	 "Sundhedsstyrelsen",
  title = 	 "{Klassebeskrivelse: EPJ (elektronisk
patientjournal)}",
  institution =  "Sundhedsministeriet",
  year = 	 "1999",
  OPTkey = 	 "",
  type = 	 "Notat",
  OPTnumber = 	 "",
  address = 	 "Amaliegade 13, 1012 K{\o}benhavn K",
  month = 	 "16 November",
  note = 	 "16 sider",
  OPTannote = 	 ""
}



@TechReport{hecs:sust:99j,
  author = 	 "Sundhedsstyrelsen",
  title = 	 "{Elektronisk
Patientjournal --- Grundstruktur}",
  institution =  "Sundhedsministeriet",
  year = 	 "1999",
  OPTkey = 	 "",
  type = 	 "Notat",
  OPTnumber = 	 "",
  address = 	 "Amaliegade 13, 1012 K{\o}benhavn K",
  month = 	 "9 November",
  note = 	 "3 sider",
  OPTannote = 	 ""
}

@TechReport{hecs:dtu:99a,
  author = 	 "Nikolaj Oldager",
  title = 	 "{HeCS: Health Care Systems}",
  institution =  "Institut for IT, DTU",
  year = 	 "1999",
  OPTkey = 	 "",
  type = 	 "Student term project report",
  OPTnumber = 	 "",
  address = 	 "Bygn. 344, 2800 Lyngby, Danmark",
  month = 	 "4 August",
  note = 	 "27 sider",
  OPTannote = 	 ""
}


@TechReport{hecs:kas:hs:00a,
  author = 	 "Liddy Panduro and Niels Rossing",
  title = 	 "{Integration af sygehusenes IT systemer}",
  institution =  "H:S og KAS: Hovedstadens 
Sygehusf{\ae}llesskab og K{\o}benhavns Amts Sygehuse",
  year = 	 "2000",
  OPTkey = 	 "",
  type = 	 "Seminar Notat",
  OPTnumber = 	 "",
  address = 	 "Herlev Amtssygehus mv.",
  month = 	 "Februar",
  note = 	 "8 sider",
  OPTannote = 	 ""
}

@TechReport{hecs:tieto:00a,
  author = 	 "Fabrizio M. Ferrara and 
                  Helena Svedberg and Ronnie Holmqvist",
  title = 	 "{TietoEnator/GESI Demonstrator 
                   Pr{\ae}sentation}",
  institution =  "TietoEnator/GESI",
  year = 	 "2000",
  OPTkey = 	 "",
  OPTtype = 	 "",
  OPTnumber = 	 "",
  address = 	 "Stockholm, Sverige + Roma, Italia",
  month = 	 "Februar",
  note = 	 "11 sider",
  OPTannote = 	 ""
}

@TechReport{hecs:tieto:99a,
  author = 	 "Fabrizio M. Ferrara and 
                  Helena Svedberg and Ronnie Holmqvist",
  title = 	 "{Konkurrencetilbud til H:S + KAS's
                   Konkurrenceudlysning}",
  institution =  "TietoEnator/GESI",
  year = 	 "1999",
  OPTkey = 	 "",
  OPTtype = 	 "",
  OPTnumber = 	 "",
  address = 	 "Stockholm, Sverige + Roma, Italia",
  month = 	 "September",
  OPTnote = 	 "",
  OPTannote = 	 ""
}


@book{hecs:RSL,
AUTHOR       = "The RAISE Language Group",
TITLE        = "The RAISE Specification Language",
PUBLISHER    = "Prentice-Hall",
SERIES       = "The BCS Practitioner Series",
ADDRESS      = "Hemel Hampstead, England",
YEAR         = "1992",
NOTE         = ""}

@book{hecs:RaiseMethod,
AUTHOR       = "The RAISE Method Group",
TITLE        = "The RAISE Method",
PUBLISHER    = "Prentice-Hall",
SERIES       = "The BCS Practitioner Series",
ADDRESS      = "Hemel Hampstead, England",
YEAR         = "1995",
NOTE         = ""}

@Book{hecs:LN00,
  author = 	 "Dines Bj{\o}rner",
  title = 	 "{Software Engineering --- A New Approach:
Domains, Requirements and Software Design}",
  publisher = 	 "Department of IT, Technical University
                  of Denmark",
  year = 	 "1999--2000",
  OPTkey = 	 "",
  OPTeditor = 	 "",
  OPTvolume = 	 "",
  OPTnumber = 	 "",
  OPTseries = 	 "",
  address = 	 "Bg. 343, DK--2800 Lyngby, Denmark",
  OPTedition = 	 "",
  OPTmonth = 	 "",
  note = 	 "These are the author's rather extensive lecture
		  notes.
Accessible via: {\tt
		  http:\-//www.\-it\-.dtu\-.dk/\-\~{}db/\-s2000/\-notes.ps}", 
  OPTannote = 	 ""
}


@Article{hecs:pinnacles:00a,
  author = 	 "Dines Bj{\o}rner",
  title = 	 "{Pinnacles of Software Engineering:
                  25 Years of Formal Methods}",
  journal = 	 "Annals of Software Engineering",
  year = 	 "2000",
  volume =       "10",
  pages = 	 "1--72",
  note = 	 "Editors: Dilip Patel and Wang YingYu",
  OPTannote = 	 ""
}


@Book{hecs:jfpgl97,
  author = 	 "John Fitzgerald and Peter Gorm Larsen",
  TITLE		= "{Developing Software using VDM--SL}",
  publisher = "Cambridge University Press",
  address = "The Edinburgh Building, 
     Cambridge CB2 1RU, England",
  year = "1997",
  note = ""}

@BOOK{hecs:bjjo78,
  KEY		= "Bj{\o}rner 78b",
  AUTHOR	= "Dines Bj{\o}rner and  Cliff B. Jones (eds.)",
  TITLE		= "{The Vienna Development Method: 
                    The Meta-Language}",
  PUBLISHER	= "Springer--Verlag",
  YEAR		= "1978",
  VOLUME        = "61",
  SERIES	= "Lecture Notes in Computer Science"}

@BOOK{hecs:bjjo82,
  KEY           = "Bj{\o}rner 82b",
  EDITOR        = "Dines Bj{\o}rner and Cliff B. Jones",
  TITLE         = "{Formal Specification and 
Software Development}",
  PUBLISHER     = "Prentice--Hall Intl.",
  YEAR          = "1982"}

@Misc{hecs:bjorner:00a,
  author = 	 "Dines Bj{\o}rner",
  title = 	 "{IT Integration --- med s{\ae}rlig henblik
                   p{\aa} sundhedssektoren}",
  howpublished = "Dansk Selskab for Medicnsk Informatik,
                  Odense M{\o}de: Nogle Danske IT
                  Integrations\--projekter",
  year = 	 "2000",
  month = 	 "16 March",
  note = 	 "A 14 page overhead foil + 2 page literature
                  references for a 20 minute seminar on the
tpic of IT integration given at the Danish Society for Medical 
Informatics"}


@TechReport{hecs:dtu:00a,
  author = 	 "Dines Bj{\o}rner",
  title = 	 "{Towards a Domain Model for the
                   Healthcare Sector}",
  institution =  "Department of IT, Technical Unversity
                  of Denmark",
  year = 	 "1999--2000",
  OPTkey = 	 "",
  type = 	 "Research report",
  OPTnumber = 	 "",
  address = 	 "Bldg. 343, DK--2800 Lyngby, Danmark",
  month = 	 "First complete draft expected August 2000",
  note = 	 "Incomplete drafts available from the author:
                  db@it.dtu.dk",
  OPTannote = 	 ""
}

@Misc{hecs:bjorner:94a,
  author = 	 "Dines Bj{\o}rner",
  title = 	 "{The {\sf WHeCS} Project Proposal}",
  howpublished = "UNU/IIST, P.O.Box 3058, Macau",
  year = 	 "1994",
  month = 	 "August",
  note = 	 ""
}

