
@InProceedings{flock-dynamics-Smolka2018,
  author    = "Usama Mehmood and Radu Grosu and Ashish Tiwari and
               Nicola Paoletti and Shan Lin and Yang JunXing and Dung
	       Phan and Scott D. Stoller and Scott A. Smolka",
  title     = "{{\sl Declarative vs Rule-based Control for Flocking
                Dynamics}}", 
  booktitle = "{Proceedings of ACM/SIGAPP Symposium on Applied
                Computing (SACC 2018)}",
  year      = "2018",
  OPTeditor    = "",
  OPTvolume    = "",
  OPTnumber    = "",
  OPTseries    = "",
  OPTpages     = "",
  OPTaddress   = "",
  month     = "April 9--13,",
  organisation= "ACM/SIGAPP",
  publisher = "ACM Press",
  note      = "8 pages"}

@Article{reynolds1987,
  author    = "Craig Reynolds",
  title     = "{\textsl{Flocks, Herds and Schools: A Distributed
  Behavioral Model}}",
  journal   = "{SIGGRAPH Computer Graphics}",
  year      = "1987",
  volume    = "21",
  number    = "4",
  month     = "August",
  note      = "https://doi.org/10.1145/37402.37406"}

@InProceedings{reynolds1999,
  author    = "Craig Reynolds",
  title     = "{\textsl{Steering Behaviors for Autonomous Characters}}",
  booktitle = "{Proceedings of Game Developers Conference}",
  year      = "1999",
  OPTeditor    = "",
  OPTvolume    = "",
  OPTnumber    = "",
  OPTseries    = "",
  pages     = "763--782",
  OPTaddress   = "",
  OPTmonth     = "",
OPTorganisation= "",
  OPTpublisher = "",
  OPTnote      = ""}
  
@misc{reynolds2004,
  author    = "Craig Reynolds",
  title     = "{\textsf{OpenSteer}, \textsl{Steering Behaviours for
                Autonomous Characters}}",
  institution   = "{R\&D, Sony Computer Entertainment America}",
  year      = "2004",
  type = "{Web page}",
  note      = "http://opensteer.sourceforge.net"}

           
@Article{olfati-saber2006,
  author    = "Reza Olfati-Saber",
  title     = "{Flocking for Multi-agent Dynamic Systems: Algorithms
  and Theory}",
  journal   = "{IEEE Transactions on Automatic Control}",
  year      = "2006",
  volume    = "51",
  number    = "3",
  pages     = "401--420",
  month     = "13 March",
  note      = "http://ieeexplore.ieee.org/document/1605401/; DOI:
  10.1109/TAC.2005.864190; Thayer School of Engineering, 
  Dartmouth College, Hanover, NH, USA"}
