
@techreport{BjornerContainer2018,
  author    = "Dines Bj{\o}rner",
  title     = "{Container Terminals}",
  institution = "{Technical University of Denmark}",
  ADDRESS       = "{Fredsvej 11, DK-2840 Holte, Denmark}",
  year      = "2018",
  month     = "September",
  note = "An incomplete draft report; currently 60+
  pages.\footnote{http://\-www.\-imm.\-dtu.\-dk/\~{}dibj/\-2018/\-yangshan/\-maersk-pa.pdf}"}

@TECHREPORT{db07:container,
  AUTHOR        = "Dines Bj{\o}rner",
  TITLE         = "{A Container Line Industry Domain}",
  NOTE   = "\footnote{http://www2.imm.dtu.dk/\~{}db/container-paper.pdf}",
  institution = "{Technical University of Denmark}",  
  ADDRESS       = "{Fredsvej 11, DK-2840 Holte, Denmark}",
  TYPE		= "Techn. Report",
  YEAR          = "2007",
  MONTH         = "June"}

@techreport{bjorner-2015-compendium,
  author    = "Dines Bj{\o}rner",
  title     = "{Domain Science \& Engineering -- A Compendium}",
  institution = "{Technical University of Denmark}",
  ADDRESS       = "{Fredsvej 11, DK-2840 Holte, Denmark}",
  year      = "2018",
  month     = "June",
  note = "A collection of \cite{BjornerDAADL2018,BjornerFAoCFacets,BjornerFAoCProcesses,BjornerMereologyCSP2017,BjornerFAoC2015Req,BjornerFAoCDemos,2018:Bjorner:philo} "}
	
@InCollection{zcc-bjorner-80,
  author    = "Dines Bj{\o}rner",
  title     = "{Domain Science \& Engineering -- A Review of 10 Years Work and
             a Laudatio} ",
  booktitle = "{Symposium on Real-Time and Hybrid Systems -- A Festschrift
  Symposium in Honour of Zhou ChaoChen}",
  series = "{LNCS 11180, pp. 61â€“84}",
  publisher = "Springer Nature  Switzerland AG
  \footnote{http://\-www.\-imm.\-dtu.\-dk/\~{}dibj/\-2017/\-zcc/\-ZhouBjorner2017.pdf}", 
  year      = "2018",
  editor    = "NaiJun Zhan and Cliff B. Jones",
  month     = "June"}
  
@techreport{2018:Bjorner:philo,
author      = "Dines Bj{\o}rner",
title       = "{A Philosophy of Domain Science \&
  Engineering -- An Interpretation of Kai 
  S{\o}rlander's Philosophy}",
institution = "{Technical University of Denmark}",
  ADDRESS       = "{Fredsvej 11, DK-2840 Holte, Denmark}",
type        = "{Research Note}",
note        = "{\footnote{http://\-www.\-imm.\-dtu.\-dk/\~{}dibj/\-2018/\-philosophy/\-filo.pdf}}",
month       = "Spring",
year        = "2018"}

@techreport{2018:filo,
author      = "Dines Bj{\o}rner",
title       = "{A Philosophy of Domain Science \&
  Engineering -- An Interpretation of Kai 
  S{\o}rlander's Philosophy}",
institution = "{Technical University of Denmark}",
  ADDRESS       = "{Fredsvej 11, DK-2840 Holte, Denmark}",
type        = "{Research Note}",
note        = "{\footnote{http://\-www.\-imm.\-dtu.\-dk/\~{}dibj/\-2018/\-philosophy/\-filo.pdf}}",
month       = "Spring",
year        = "2018"}
       
@techreport{2018:is:seat,
author      = "Dines Bj{\o}rner",
title       = "{Informatics Systems:
      Science, Engineering and Technology}",
institution = "{Technical University of Denmark}",
  ADDRESS       = "{Fredsvej 11, DK-2840 Holte, Denmark}",
type        = "{Research Note}",
note        = "http://\-www.\-imm.\-dtu.\-dk/\-\~{}dibj/\-2018/isseat/...",
month       = "",
year        = "2018"}

@techreport{BjornerDAADL2018,
author      = "Dines Bj{\o}rner",
title       = "{A Domain Analysis \& Description Method --
      Principles, Techniques and Modelling Languages}",
type        = "{Research Note based on \cite{BjornerFAoC2015MDAAD}}",
institution = "{Technical University of Denmark}",
  ADDRESS       = "{Fredsvej 11, DK-2840 Holte, Denmark}",
note = "http://www.imm.dtu.dk/~dibj/2018/tosem/Bjorner-TOSEM.pdf",
month       = "February 20",
year        = "2018"}
        
@techreport{TOSEMBjornerDAADL2018,
author      = "Dines Bj{\o}rner",
title       = "{A Domain Analysis \& Description Method --
      Principles, Techniques and Modelling Languages}",
type        = "{Research Note based on \cite{BjornerFAoC2015MDAAD}, Submitted to ACM TOSEM}",
institution = "{Technical University of Denmark}",
  ADDRESS       = "{Fredsvej 11, DK-2840 Holte, Denmark}",
month       = "May",
year        = "2018"}
        
@techreport{BjornerISSEAT,
author      = "Dines Bj{\o}rner",
title       = "{Informatics Systems: Science, Engineering \& Technology}",
type        = "{Research Note}",
note        = "http://\-www.\-imm.\-dtu.\-dk/\-\~{}dibj/\-2018/\-isseat.pdf",
month       = "December--February",
institution = "{Technical University of Denmark}",
  ADDRESS       = "{Fredsvej 11, DK-2840 Holte, Denmark}",
year        = "2017--2018"}
        
       
                 
@techreport{BjornerDrones2017,
author      = "Dines Bj{\o}rner",
title       = "{A Space of Swarms of Drones}",
type        = "{Research Note}",
note        = "\footnote{http://\-www.\-imm.\-dtu.\-dk/\-\~{}dibj/\-2017/\-swarms/\-swarm-paper.pdf}",
month       = "November--December",
institution = "{Technical University of Denmark}",
  ADDRESS       = "{Fredsvej 11, DK-2840 Holte, Denmark}",
year        = "2017"}
        
                 
@Article{bjorner-impex,
  author    = "Dines Bj{\o}rner",
  title     = "{The Manifest Domain Analysis \& Description
		Approach to Implicit and Explicit Semantics}",
  journal   = "{EPTCS: Electronic Proceedings in Theoretical Computer
  Science, Yasmine Ait-Majeur, Paul J. Gibson and Dominique M{\'e}ry}",
  year      = "2018",
  volume    = "",
  number    = "",
  pages     = "",
  month     = "",
  note      = "{First International Workshop on Handling IMPlicit and
                EXplicit Knowledge in Formal Fystem Development,
		17 November 2017, Xi'an, China}"}    
           
@techreport{BjornerUrbanPlanningProcesses2017,
author      = "Dines Bj{\o}rner\label{BjornerUrbanPlanningProcesses2017}",
title       = "{Urban Planning Processes}",
type        = "{Research Note}",
institution = "{Technical University of Denmark}",
  ADDRESS       = "{Fredsvej 11, DK-2840 Holte, Denmark}",
note        = "{\footnote{http://\-www.\-imm.\-dtu.\-dk/\-\~{}dibj/\-2017/\-up/\-urban\--planning.pdf}}",
month       = "July",
year        = "2017"}

@techreport{BjornerDocuments2017,
author      = "Dines Bj{\o}rner",
title       = "{What are Documents\,?}",
type        = "{Research Note}",
institution = "{Technical University of Denmark}",
  ADDRESS       = "{Fredsvej 11, DK-2840 Holte, Denmark}",
note        = "{\footnote{http://\-www.\-imm.\-dtu.\-dk/\-\~{}dibj/\-2017/\-docs/\-docs.pdf}}",
month       = "July",
year        = "2017"}
        
@Article{BjornerMereologyCSP2017,
  author    = "Dines Bj{\o}rner",
  title     = "{To Every Manifest Domain a \texttt{CSP} Expression
  --- A R{\^o}le for Mereology in Computer Science}",
  journal   = "{Journal of Logical and Algebraic Methods in Programming}",
  year      = "{2018}",
  volume    = "",
  number    = "94",
  pages     = "91--108",
  month     = "January",
  doi       = "10.1016/j.jlamp.2017.09.005"}

@techreport{BjornerCreditCard2016, 
  author    = "Dines Bj{\o}rner",
  title     = "{A Credit Card System: Uppsala Draft}",
institution = "{Technical University of Denmark}",
  ADDRESS       = "{Fredsvej 11, DK-2840 Holte, Denmark}",
  type = "{Technical Report: Experimental Research}",
  note      = "{\footnote{http://www.imm.dtu.dk/\~{}dibj/2016/credit/accs.pdf}}", 
  month     = "November",
  year      = "2016"} 
		  
@techreport{BjornerWeather2016, 
  author    = "Dines Bj{\o}rner",
  title     = "{Weather Information Systems: Towards a Domain Description}",
institution = "{Technical University of Denmark}",
  ADDRESS       = "{Fredsvej 11, DK-2840 Holte, Denmark}",
  type = "{Technical Report: Experimental Research}",
  note      = "{\footnote{http://www.imm.dtu.dk/\~{}dibj/2016/wis/wis-p.pdf}}", 
  month     = "November",
  year      = "2016"}
		  	
@techreport{BjornerFAoCProcesses,
	AUTHOR		= "Dines Bj{\o}rner",
	TITLE		= "{Domain Analysis and Description -- Formal
                            Models of Processes and Prompts}", 
	YEAR		= "2016",
institution = "{Technical University of Denmark}",
  ADDRESS       = "{Fredsvej 11, DK-2840 Holte, Denmark}",
	NOTE  = "Extensive revision of \cite{2013da-jaist}.
		 \footnote{http://\-www.\-imm.\-dtu.\-dk\-/\~{}dibj/\-2016/\-process/\-process-p.pdf}"}
 	
@ARTICLE{BjornerFAoCFilosofi,
	AUTHOR		= "Dines Bj{\o}rner",
	TITLE		= "{Manifest Domains: Analysis \& Description
	-- A Philosophical Basis}", 
	JOURNAL		= "{}",
	YEAR		= "2016--2017",
	NOTE  = "http://\-www.\-imm.\-dtu.\-dk\-/\~{}dibj/\-2016/\-apb/\-daad-apb.pdf"}

@ARTICLE{BjornerFAoCFacets,
	AUTHOR		= "Dines Bj{\o}rner",
	TITLE		= "{Domain Facets: Analysis \& Description}", 
	YEAR		= "2018",
	MONTH           = "May",
	NOTE  =
	"Extensive revision of \cite{dines:facs:2008}.
		  \footnote{http://\-www.\-imm.\-dtu.\-dk\-/\~{}dibj/\-2016/\-facets/\-faoc-facets.pdf}"} 

@techreport{TOSEMBjornerFAoCFacets,
	AUTHOR		= "Dines Bj{\o}rner",
	TITLE		= "{Domain Facets: Analysis \& Description}", 
	YEAR		= "2018",
institution = "{Technical University of Denmark}",
  ADDRESS       = "{Fredsvej 11, DK-2840 Holte, Denmark}",
	MONTH           = "May",
	NOTE  =
	"Extensive revision of \cite{dines:facs:2008}
		  \footnote{http://\-www.\-imm.\-dtu.\-dk\-/\~{}dibj/\-2016/\-facets/\-faoc-facets.pdf}"} 

@techreport{BjornerFAoCDemos,
	AUTHOR		= "Dines Bj{\o}rner",
	TITLE		= "{Domains: Their Simulation, Monitoring and
        	            Control -- A Divertimento of Ideas and
			    Suggestions}", 
institution = "{Technical University of Denmark}",
  ADDRESS       = "{Fredsvej 11, DK-2840 Holte, Denmark}",
	YEAR		= "2016 ",
	NOTE  = "{Extensive revision of \cite{dines-maurer}.
	\footnote{http://\-www.\-imm.\-dtu.\-dk\-/\~{}di\-bj/\-2016\-/demos/\-faoc-\-demo.pdf}}"} 
 
@ARTICLE{db-manifest2014,
	AUTHOR		= "Dines Bj{\o}rner",
	TITLE		= "{Manifest Domains: Analysis \& Description}", 
	JOURNAL		= "{Formal Aspects of Computing}",
	VOLUME = "29",
	NUMBER = "2",
	PAGES  = "1--51",
	YEAR		= "2017",
	NOTE   = "DOI 10.1007/s00165-016-0385-z"} 

@ARTICLE{BjornerFAoC2015MDAAD,
	AUTHOR		= "Dines Bj{\o}rner",
	TITLE		= "{Manifest Domains: Analysis \& Description}", 
	JOURNAL		= "{Formal Aspects of Computing}",
	VOLUME = "29",
	NUMBER = "2",
	PAGES  = "175--225",
	YEAR		= "Online: July 2016",
	doi   = "10.1007/s00165-016-0385-z",
	note = "{\footnote{https://doi.org/10.1007/s00165-016-0385-z (doi: 10.1007/s00165-016-0385-z)}}"}

@techreport{BjornerFAoC2015Req,
	AUTHOR		= "Dines Bj{\o}rner",
	TITLE		= "{From Domain Descriptions to Requirements
	Prescriptions -- A Different Approach to Requirements
	Engineering}",
institution = "{Technical University of Denmark}",
  ADDRESS       = "{Fredsvej 11, DK-2840 Holte, Denmark}",
	NOTE = "{Extensive revision of
	\cite{dines:ugo65:2008}\footnote{http://www2.compute.dtu.dk/\~{}dibj/2015/faoc-req/faoc-req.pdf}}", 
	YEAR		= "2016"}

@technreport{BjornerFAoC2015R,
	AUTHOR		= "Dines Bj{\o}rner",
	TITLE		= "{From Domain Descriptions to Requirements
	Prescriptions -- A Different Approach to Requirements Engineering}", 
institution = "{Technical University of Denmark}",
  ADDRESS       = "{Fredsvej 11, DK-2840 Holte, Denmark}",
	YEAR		= "2016"}

@TECHREPORT{db:tse:2010,
  AUTHOR        = "Dines Bj{\o}rner",
  TITLE         = "{The Tokyo Stock Exchange Trading
  Rules\footnote{http://www2.imm.dtu.dk/\~{}db/todai/tse-1.pdf, 
           http://www2.imm.dtu.dk/\~{}db/todai/tse-2.pdf}}",
institution = "{Techn. Univ. of Denmark}",
  ADDRESS       = "{Fredsvej 11, DK-2840 Holte, Denmark}",
  TYPE		= "{R\&D Experiment}",
  YEAR          = "2010", 
  MONTH         = "January, February"}

@TECHREPORT{db:tse:2010:www,
  AUTHOR        = "Dines Bj{\o}rner",
  TITLE         = "{The Tokyo Stock Exchange Trading Rules}",
institution = "{Techn. Univ. of Denmark}",
  ADDRESS       = "{Fredsvej 11, DK-2840 Holte, Denmark}", 
  TYPE		= "{R\&D Experiment}",
  YEAR          = "2010",
  NOTE  = "{\footnote{http://www2.imm.dtu.dk/\~{}db/todai/tse-1.pdf,
           http://www2.imm.dtu.dk/\~{}db/todai/tse-2.pdf}}"}
		 	 	
@techreport{assc2014,
  author =  "Dines Bj{\o}rner",
  title     = "{Domain Engineering -- A Basis for Safety Critical Software}",  
  type = "{Invited Keynote, ASSC2014: Australian System Safety Conference,
  Melbourne, 26--28 May\footnote{http://www.imm.dtu.dk/\~{}dibj/2014/assc-april-bw.pdf}}",
institution = "{Technical University of Denmark}",
  ADDRESS       = "{Fredsvej 11, DK-2840 Holte, Denmark}", 
  month = "December",
  year      = "2014"}
		 	 	
@techreport{db-process2015,
  author =  "Dines Bj{\o}rner",
  title     = "{Domain Analysis \& Description: Formal Models of
                Analysis and Description Processes and Prompts}",   
  type = "{Research Report}",
institution = "{Technical University of Denmark}",
  ADDRESS       = "{Fredsvej 11, DK-2840 Holte, Denmark}", 
  year      = "To be completed early 2016"} 
	 	 	 	
@techreport{BjornerFAoCdaadModels,
  author =  "Dines Bj{\o}rner",
  title     = "{Domain Analysis \& Description: Formal Models of
                Analysis and Description Processes and Prompts}",   
  type = "{Research Report}",
  year      = "2016"} 
	 	  	 	
@techreport{db-reqs2015,
  author =  "Dines Bj{\o}rner",
  title     = "{From Domains to Requirements -- A Different View of
                Requirements Engineering}", 
institution = "{Technical University of Denmark}",
  ADDRESS       = "{Fredsvej 11, DK-2840 Holte, Denmark}",   
  type = "{Research Report}",
  year      = "Superceded by the current paper\,!"} 
	 	 		 	 	
@techreport{db-manifest2014,
  author =  "Dines Bj{\o}rner",
  title     = "{Manifest Domains: Analysis \& Description}",  
  type = "{Research Report}",
  year      = "2014",
  note      = "Superceded by \cite{BjornerFAoC2015MDAAD}"}
	 	 	
@inproceedings{fm2014-dile,
  author =  "Dines Bj{\o}rner and Klaus Havelund",
  title     = "{40 Years of Formal Methods ---
		10 Obstacles and 3 Possibilities}",  
  publisher = "Springer",
  booktitle = "FM 2014, Singapore, May 14-16, 2014",		  
  type = "{Invited Paper}",
  year      = "2014",
  note = "{Distinguished Lecture}"}
		 	
@techreport{fm2014-supa,
  author =  "Dines Bj{\o}rner",
  title     = "{Domain Types -- Endurants}", 
institution = "{Technical University of Denmark}",
  ADDRESS       = "{Fredsvej 11, DK-2840 Holte, Denmark}", 
  type = "{Submittted Paper}",
  year      = "2014"}
				
@techreport{2013da-perd,
  author    = "Dines Bj{\o}rner",
  title     = "{Domain Analysis \& Description: Perdurants
  [Writing to begin Summer/Fall 2014]}", 
institution = "{Technical University of Denmark}",
  ADDRESS       = "{Fredsvej 11, DK-2840 Holte, Denmark}", 
  type = "{Research Report}",
  month     = "Summer/Fall",
  year      = "2014"} 
 	
@InCollection{bjorner-jaist-2014,
  author    = "Dines Bj{\o}rner",
  title     = "{Domain Analysis: Endurants -- An Analysis \&
                Description Process Model} ",
  booktitle = "{Specification, Algebra, and Software: A Festschrift
  Symposium in Honor of Kokichi Futatsugi}", 
  publisher = "Springer",
  year      = "2014",
  editor    = "{Shusaku} Iida and {Jos{\'e}} Meseguer and {Kazuhiro} Ogata",
  month     = "May"} 
	
@InCollection{2013da-jaist,
  author    = "Dines Bj{\o}rner",
  title     = "{Domain Analysis: Endurants -- An Analysis \&
                Description Process Model} ",
  booktitle = "{Specification, Algebra, and Software: A Festschrift
  Symposium in Honor of Kokichi Futatsugi}", 
  publisher = "Springer",
  year      = "2014",
  editor    = "{Shusaku} Iida and {Jos{\'e}} Meseguer and {Kazuhiro} Ogata",
  month     = "May",
  note      = ""}
		     
@techreport{2013da-processes,
  author    = "Dines Bj{\o}rner",
  title     = "{Domain Analysis: Endurants -- a Consolidated Model of
	        Prompts}",
  institution = "{DTU Compute and Fredsvej 11, DK-2840 Holte, Denmark}",
  type = "{Research Report}", 
  month     = "May",
  year      = "2015"} 
	 
@techreport{2013da-reqs,
  author    = "Dines Bj{\o}rner",
  title     = "{On Deriving Requirements from Domain Specifications
  [Writing to begin Winter 2014]}
  (\htmladdnormallinkfoot{paper}%
	{http://www.imm.dtu.dk/\latexhtml{\~{}}{~}dibj/da-fac-p.pdf},
  \htmladdnormallinkfoot{slides}%
	{http://www.imm.dtu.dk/\latexhtml{\~{}}{~}dibj/da-fac-s.pdf})",
  institution = "{DTU Compute and Fredsvej 11, DK-2840 Holte, Denmark}",
  type = "{Research Report}",
  number = "{2013-8}", 
  month     = "Fall",
  year      = "2013"} 
	 	
@techreport{2013da-facets,
  author    = "Dines Bj{\o}rner",
  title     = "{Domain Analysis \& Description: Modelling Facets
  [Writing to begin Summer 2013]}
  (\htmladdnormallinkfoot{paper}%
        {http://www.imm.dtu.dk/\latexhtml{\~{}}{~}dibj/da-facets-p.pdf},
  \htmladdnormallinkfoot{slides}%
	{http://www.imm.dtu.dk/\latexhtml{\~{}}{~}dibj/da-facets-s.pdf})", 
  institution = "{DTU Compute and Fredsvej 11, DK-2840 Holte, Denmark}",
  type = "{Research Report}",
  number = "{2013-7}", 
  month     = "Summer/Fall",
  year      = "2013",
  note = "A first draft of this document might be written late
  summer of 2013"} 
	 		
@techreport{2013da-perdx,
  author    = "Dines Bj{\o}rner",
  title     = "{Domain Analysis \& Description: Perdurants
  [Writing to begin Summer/Fall 2014]}", 
  institution = "{DTU Compute and Fredsvej 11, DK-2840 Holte, Denmark}",
  type = "{Research Report}",
  number = "{2013-7}", 
  month     = "Summer/Fall",
  year      = "2014"} 
 			
@techreport{Bjorner-Perdurants,
  author    = "Dines Bj{\o}rner",
  title     = "{Domain Analysis \& Description: Perdurants}", 
  institution = "{DTU Compute and Fredsvej 11, DK-2840 Holte, Denmark}",
  type = "{Research Report}",
  month     = "Fall/Winter",
  year      = "2014"}

@techreport{2013da-ends,
  author    = "Dines Bj{\o}rner",
  title     = "{Domain Analysis: Endurants
  [Writing began Summer 2013]}
  (\htmladdnormallinkfoot{paper}%
	{http://www.imm.dtu.dk/\latexhtml{\~{}}{~}dibj/da-p.pdf},
  \htmladdnormallinkfoot{slides}%
	{http://www.imm.dtu.dk/\latexhtml{\~{}}{~}dibj/da-s.pdf})",
  institution = "{DTU Compute and Fredsvej 11, DK-2840 Holte, Denmark}",
  type = "{Research Report}",
  number = "{2013-5}", 
  month     = "Spring",
  year      = "2013"} 

@techreport{2013da,
  author    = "Dines Bj{\o}rner",
  title     = "{Domain Analysis}
  (\htmladdnormallinkfoot{paper}%
		  {http://www.imm.dtu.dk/\latexhtml{\~{}}{~}dibj/da-p.pdf}
  \htmladdnormallinkfoot{slides}%
		  {http://www.imm.dtu.dk/\latexhtml{\~{}}{~}dibj/da-s.pdf})",   
  institution = "{DTU Compute and Fredsvej 11, DK-2840 Holte, Denmark}",
  type = "{Research Report}",
  number = "{2013-1}", 
  month     = "April",
  year      = "2013"} 
	  
@techreport{2013pipe,
  author    = "Dines Bj{\o}rner",
  title     = "{{Pipelines -- a Domain}}", 
  institution = "{DTU Compute and Fredsvej 11, DK-2840 Holte, Denmark}",
  type = "{Experimental Research Report}",
  number = "{2013-2}",
  note = "\footnote{http://www2.imm.dtu.dk/\~{}dibj/pipe-p.pdf}",
  month     = "Spring",
  year      = "2013"} 
	  
@techreport{2013doc,
  author    = "Dines Bj{\o}rner",
  title     = "{{Documents -- a Domain
  Description}}", 
  institution = "{DTU Compute and Fredsvej 11, DK-2840 Holte, Denmark}",
  type = "{Experimental Research Report}",
  number = "{2013-3}", 
  month     = "Spring",
  year      = "2013"} 
	
@techreport{2013road,
  author    = "Dines Bj{\o}rner",
  title     = "{{Road Transportation -- a Domain Description}}", 
  institution = "{DTU Compute and Fredsvej 11, DK-2840 Holte, Denmark}",
  type = "{Experimental Research Report}",
  number = "{2013-4}",
  note =  "{\footnote{http://www2.imm.dtu.dk/\~{}dibj/road-p.pdf}}",
  month     = "{Spring}",
  year      = "2013"}
		  
@techreport{dsae-2012,
  author    = "Dines Bj{\o}rner",
  title     = "{Domain Science and Engineering}",
  institution = "{DTU Informatics and Fredsvej 11, DK-2840 Holte, Denmark}",
  type = "{PhD Lecture Notes}",
  number = "{2012-a}", 
  month     = "Spring",
  year      = "2012"} 	  
	 
@InBook{dines:urbino:2012,
  author    = "Dines Bj{\o}rner",
  title     = "{A R{\^o}le for Mereology in Domain Science and Engineering}",
  booktitle = "{Mereology and the Sciences}", 
  publisher = "Springer",
  year      = "2014",
  month      = "May",
  series    = "Synthese Library (eds.\ Claudio Calosi and Pierluigi Graziani)",
  address   = "Amsterdam, The Netherlands"}

@InBook{BjornerMereology2013,
  author    = "Dines Bj{\o}rner",
  title     = "{A R{\^o}le for Mereology in Domain Science and Engineering}",  
  booktitle = "{Mereology and the Sciences}",
  publisher = "Springer",
  year      = "2014",
  month      = "October",
  series    = "Synthese Library (eds.\ Claudio Calosi and Pierluigi Graziani)",
  address   = "Amsterdam, The Netherlands"}

	 	  
@InBook{dines:humanity:2012,
  author    = "Dines Bj{\o}rner",
  title     = "{Domain Science and Engineering as a Foundation for
               Computation for Humanity}", 
  publisher = "CRC [Francis \& Taylor]",
  booktitle = "{Computation for Humanity: IT to Advance Society}",
  year      = "2013",
  chapter      = "7",
  pages      = "159--177",
  series    = "Computational Analysis, Synthesis, and Design of
               Dynamic Systems", 
  note      = "(eds.: Justyna Zander and Pieter J. Mosterman)"}
		  
@InProceedings{DDC2010,
  author    = "Dines Bj{\o}rner and Chr. Gram and Ole N. Oest and Leif Rystr{\o}m",
  title     = "{Dansk Datamatik Center}",
  booktitle = "History of Nordic Computing",
  year      = "2010",
  editor    = "Benkt Wangler and Per Lundin",
  address   = "Stockholm, Sweden",
  month     = "18-20 October",
organisation= "IFIP WG 9.7",
  publisher = "Springer"}
	
	 
@Article{IJSI2010,
  author    = "Dines {Bj{\o}rner}",
  title     = "{Editor: Special Double Issue on Formal Methods of
  Program Development}", 
  journal   = "{International Journal of Software and Informatics}",
  year      = "{2010}",
  publisher    = "{Software Institute, Chinese Academy of Sciences}",
  volume    = "{4}",
  number    = "{2--3}",
  pages     = "",
  month     = "{}",
  note      = "{Contains papers on Alloy (D.Jackson et al.), ASM
  (M.Veanes et al.), Event B (D.M{\'e}ry), RAISE (A.E.Haxthausen),
  TLA+ (S.Merz et al.), VDM-SL (J.Fitzgerald et al.) and Z (J.Woodcock
  et al.)}"}   
	
@techreport{dines-pipelines-2012,
  author    = "Dines Bj{\o}rner",
  title     = "{Pipe System Domain Models}",
  institution = "{DTU Informatics}",
  type = "{Research}",
  number = "{2012-2}", 
  month     = "May",
  year      = "2012"} 
	 	  
@incollection{dines-maurer,
  author    = "Dines Bj{\o}rner",
  title     = "{Domains: Their Simulation, Monitoring and Control --
                A Divertimento of Ideas and Suggestions}",
  booktitle     = "{Rainbow of Computer Science, Festschrift for Hermann
               Maurer on the Occasion of His 70th Anniversary.}",
  publisher = "Springer",
  year      = "2011",
  note      = "\footnote{http://www2.imm.dtu.dk/\~{}dibj/maurer-bjorner.pdf}",
  series    = "Festschrift (eds.\ C.~Calude, G.~Rozenberg and A.~Saloma)",
  address   = "Heidelberg, Germany",
  pages     = "{167--183}",
  month     = "January"}
		  
@incollection{DomainsSimulatorsDemos2011,
  author    = "Dines Bj{\o}rner",
  title     = "{Domains: Their Simulation, Monitoring and Control --
                A Divertimento of Ideas and Suggestions}",
  booktitle     = "{Rainbow of Computer Science, Festschrift for Hermann
               Maurer on the Occasion of His 70th Anniversary.}",
  publisher = "Springer",
  year      = "2011",
  note      = "\footnote{http://www2.imm.dtu.dk/\~{}dibj/maurer-bjorner.pdf}",
  series    = "Festschrift (eds.\ C.~Calude, G.~Rozenberg and A.~Saloma)",
  address   = "Heidelberg, Germany",
  pages     = "{167--183}",
  month     = "January"}
		 
@ARTICLE{Kiev:2010ptI,
	AUTHOR		= "Dines Bj{\o}rner",
	TITLE		= "{Domain Science \& Engineering -- \sf
	\textsl{\small From Computer Science to The Sciences of
	Informatics, Part I 
	of II: The Engineering Part}}",    
	JOURNAL		= "{Kibernetika i sistemny analiz}",
	NUMBER		= "4",
	MONTH		= "May",
	PAGES = "100--116", 
	OPTNOTE =	"\footnote{http://www.imm.dtu.dk/\~{}db/kiev-p1.pdf}",  
	YEAR		= "2010"}

@ARTICLE{Kiev:2010ptII,
	AUTHOR		= "Dines Bj{\o}rner",
	TITLE		= "{Domain Science \&
	Engineering -- \sf 
	\textsl{\small From Computer Science to The Sciences of
	Informatics Part II 
	of II: The Science Part}}",    
	JOURNAL		= "{Kibernetika i sistemny analiz}",
	NUMBER		= "2",
	MONTH		= "May",
	PAGES = "100--120", 
	OPTNOTE =
	"\footnote{http://www.imm.dtu.dk/\~{}db/kiev-p2.pdf}",  
	YEAR		= "2011"}


@techreport{evaKuhn2010, 
  author    = "Dines Bj{\o}rner",
  title     = "{On Development of Web-based Software:
                A Divertimento of Ideas and Suggestions}",
  institution = "{Technical University of Vienna}",
  type = "{Technical}",
  note      = "\footnote{http://www.imm.dtu.dk/\~{}dibj/wfdftp.pdf}", 
  month     = "August--October",
  year      = "2010"} 
              
@InProceedings{sefm2005:db,
  author    = "Dines Bj{\o}rner",
  title     = "{A Cloverleaf of Software Engineering}",
  booktitle = "SEFM\,2005, IEEE International Conference on
    Software Engineering and Formal Methods",
  year      = "September 5--9, 2005",
  note      = "Pages 75--84. \footnote{http://www.complang.tuwien.ac.at/bjorner/sefm2005.pdf}",
  editor    = "{Bernhard Aichernig and Bernhard Beckert}"}
		 
@InProceedings{kiev2010,
  author    = "Dines Bj{\o}rner",
  title     = "{Domain Science \& Engineering --- From Computer
  Science to The Sciences of Informatics}",
  booktitle = "{Automata, algorithms, and information technologies.
  Festschrift for Prof. A.A.Letichevsky}",
  address   = "Kiev, Ukraine",
  year      = "May 19--21, 2010",
  publisher = "",
  optnote      = ""}
	
@InProceedings{db:p:ICSE98:Kyoto,
  author    = "Dines Bj{\o}rner",
  title     = "{Formal Methods in the 21'st Century.
                An Assessment of Today --- Predictions for the Future}",
  booktitle = "{ICSE'98 Panel Discussions}",
  address   = "Kyoto, Japan",
  year      = "April 1998"} 
	

@InProceedings{psi2009,
  author    = "Dines Bj{\o}rner",
  title     = "{The R{\^o}le of Domain Engineering in Software
  Development. Why Current Requirements Engineering Seems Flawed!}",
  booktitle = "{Perspectives of Systems Informatics}",
  volume    = "5947",
  series    = "Lecture Notes in Computer Science",
  pages     = "2--34",
  address   = "Heidelberg",
  year      = "Wednesday, January 27, 2010",
  publisher = "Springer",
  optnote      = "\htmladdnormallink{Final
               draft}{http://www.imm.dtu.dk/\~{}dibj/db-psi09-paper.pdf}"} 

@InProceedings{ddc2010-1,
  author    = "Dines Bj{\o}rner and Christian Gram and Ole N.\ Oest
               and Leif Rystr{\o}m",
  title     = "{Dansk Datamatik Center}",
  booktitle = "{3rd IFIP WG 9.7 Working Conference on
                History of Nordic Computing}",
  pages     = "2--34",
  series   = "IFIP Advances in Information and Communication Technology",
  year      = "2010",
  publisher = "Springer",
  optnote      = "\footnote{http://www.imm.dtu.dk/\~{}dibj/21Feb2010-DDC.pdf}"}
	
@ARTICLE{bjorner:landin:2009,
	AUTHOR		= "Dines Bj{\o}rner",
	TITLE		= "{An Emerging Domain Science --
A R{\^o}le for Stanis{\l}aw Le{\'s}niewski's Mereology and Bertrand
Russell's Philosophy of Logical Atomism}", 
	JOURNAL		= "{Higher-order and Symbolic Computation}",
	YEAR		= "2009",
	NUMBER		= "",
	VOLUME		= "",
	OPTNOTE = "\footnote{http://www.imm.dtu.dk/\~{}dibj/domain.pdf}",
	PAGES		= ""}

@Book{jaist-mono-landin,
  author = 	 "Dines Bj{\o}rner",
  title = 	 "{Domain Engineering: Technology Management, Research
  and Engineering}",
  publisher = 	 "JAIST Press",
  year = 	 "March 2009",
  note = 	 "{JAIST Research Monograph \#4, 536
  pages. \footnote{http://www2.imm.dtu.dk/\~{}db/jaistmono.pdf}"}  
		 
@InProceedings{dines:hoare:2009,
  author    = "Dines Bj{\o}rner",
  title     = "{On Mereologies in Computing Science}",
  booktitle = "{Festschrift: Reflections on the Work of
  C.A.R. Hoare}",
  publisher = "Springer",
  year      = "2009",
  pages = "47--70",
  optnote = "\footnote{http://www2.imm.dtu.dk/\~{}dibj/bjorner-hoare75-p.pdf}", 
  series    = "History of Computing (eds.\ Cliff B.\ Jones,
  A.W. Roscoe and Kenneth R.\ Wood)",
  address   = "London, UK"}
		  
@inproceedings{dines:wpderoever:2008,
  author    = "Dines Bj{\o}rner and Asger Eir",
  title     = "{Compositionality: Ontology  and
    Mereology of Domains. Some Clarifying Observations in the Context of
    Software Engineering in \textrm{July 2008,
    eds.\ Martin Steffen,  Dennis Dams and Ulrich 
    Hannemann}}", 
booktitle = "{Festschrift for Prof. Willem Paul de
    Roever Concurrency, Compositionality, and Correctness}",
  volume     = "5930",
  year      = "2010",
  publisher = "Springer",
  series    = "Lecture Notes in Computer Science",
  pages     = "22--59",
  address   = "Heidelberg",
  month     = "July",
  optnote = "\footnote{http://www2.imm.dtu.dk/\~{}dibj/wpdr.pdf}"}
	
	  
@InProceedings{dines:isola:2007,
  author    = "Dines Bj{\o}rner",
  title     = "{Transportation Systems Development}",
  booktitle = "{2007 ISoLA Workshop On Leveraging Applications of
		  Formal Methods, Verification and Validation; 
                  Special Workshop Theme: Formal Methods in Avionics,
		  Space and Transport}", 
  year      = "2007",
  address   = "ENSMA, Futuroscope, France",
  month     = "December 12--14",
  note = "\footnote{http://www2.imm.dtu.dk/\~{}db/isola-pa.pdf}"}
	
@InProceedings{dines:ugo65:2008,
  author    = "Dines Bj{\o}rner",
  title     = "{From Domains to Requirements}",
  booktitle = "{Montanari Festschrift}",
  year      = "2008",
  volume    = "5065",
  series    = "Lecture Notes in Computer Science (eds.\ 
               Pierpaolo Degano, Rocco De Nicola and Jos{\'e} Meseguer)",
  pages     = "1--30",
  address   = "Heidelberg",
  month     = "May",
  publisher = "Springer",
  note      = "\footnote{http://www.imm.dtu.dk/\~{}dibj/montanari.pdf}"} 
		
@InProceedings{dines:ictac:2007,
  author    = "Dines Bj{\o}rner",
  title     = "{Domain Theory: Practice and Theories, Discussion of
		  Possible Research Topics}",
  booktitle = "{ICTAC'2007}",
  year      = "2007",
  volume    = "4701",
  series    = "Lecture Notes in Computer Science (eds.\ J.C.P.\
		  Woodcock et al.)",
  pages     = "1--17",
  address   = "Heidelberg",
  month     = "September",
  publisher = "Springer",
  optnote      = "\footnote{http://www.imm.dtu.dk/\~{}dibj/ictac-paper.pdf}"}
			  
@Article{dines:bsm:2008,
  author    = "Dines Bj{\o}rner",
  title     = "{Believable Software Management}",
  journal   = "Encyclopedia of Software Engineering",
  year      = "2011",
  volume    = "1",
  number    = "1",
  pages     = "1--32",
  optnote      = "\footnote{http://www.imm.dtu.dk/\~{}dibj/bsm.pdf}.
		  (Taylor \& Francis,
		  New York and London, edited by Philip Laplante)"}   
	  	  
	  
@InProceedings{dines:facs:2008,
  author    = "Dines Bj{\o}rner",
  title     = "{Domain Engineering}",
  booktitle = "{Formal Methods: State of the Art and New Directions}",
  editor    = "Paul Boca and Jonathan Bowen",
  pages     = "1--42",
  publisher = "Springer", 
  doi = "10.1007/978-1-84882-736-3\_1",
  year      = "2010",
  series    = "{Eds.\ Paul Boca and Jonathan Bowen}",
  address   = "London, UK",
  optnote      = "\footnote{http://www.imm.dtu.dk/\~{}dibj/facs-domain.pdf}"}
		  
	  
@InProceedings{dines:lipari:2008,
  author    = "Dines Bj{\o}rner",
  title     = "{Domain Engineering}",
  booktitle = "{The 2007 Lipari PhD Summer School}",
  pages     = "1--102",
  publisher = "University of Catanaia, Sicily, Italy",
  year      = "2007",
  series    = "Dds.\ E.\ B{\"o}rger and A.\ Ferro",
  note      = "\footnote{http://www.imm.dtu.dk/\~{}dibj/lipari-paper.pdf}"} 
		  
		  
@InProceedings{dbframes,
  author = 	 "Dines Bj{\o}rner",
  title = 	 "{Michael Jackson's Problem Frames:
Domains, Requirements and Design}",
  booktitle = 	 "{ICFEM'97: International Conference on
Formal Engineering Methods}",
  OPTcrossref =  "",
  OPTkey = 	 "",
  editor = 	 "Li ShaoYang and Michael Hinchley",
  OPTvolume = 	 "",
  OPTnumber = 	 "",
  OPTseries = 	 "",
  year = 	 "1997",
  organization = "IEEE Computer Society",
  OPTpublisher = "",
  address = 	 "Los Alamitos",
  month = 	 "November 12--14",
  OPTpages = 	 "",
  OPTannote = 	 ""
}
	    
@inproceedings{train-1,
author = "Dines Bj{\o}rner",
title = "{The Grand Challenge -- FAQs of the R\&D of a Railway Domain Theory}",
booktitle = "IFIP World Computer Congress, Topical Days: TRain: The
		  Railway Domain", 
publisher = "Kluwer Academic Press", 
address = "Amsterdam, The Netherlands", 
series =    "{IFIP}",
year = "2004"}	  


@TechReport{cs-cs-ctp,
  author = 	 "Dines Bj{\o}rner",
  title = 	 "{Computer versus Computing Science: Models of
		  Communicating Transaction Processes}",
  institution =  "National University of Singapore, School of Computing",
  year = 	 "2005",
  type = 	 "Research Report",
  address = 	 "3 Science Drive 2, Singapore",
  month = 	 "June",
  note = 	 "This research report is based on and contrasts with
		  an NUS  report and is oherwise based on joint
		  work with Yang Shaofa \cite{yang+bjorner}",
  OPTannote = 	 ""
}

@InProceedings{ifip-train-2004a,
    author = "Dines Bj{\o}rner",
    title        = "{The TRain Topical Day}",
    pages = "607--611",
    booktitle = 	 "{Building the Information Society, IFIP 18th
		  World Computer Congress, Topical Sessions, 22--27
		  August, 2004, Toulouse, France --- Ed. Ren{\'e}ne Jacquart}", 
  year = 	 "2004",
  publisher  = "Kluwer Academic Publishers",
  month = 	 "August",
  note = "A Foreword"}		  
	
@InProceedings{ifip-train-2004b,
    author = "Martin P\v{e}ni\v{c}ka and Dines Bj{\o}rner",
    title        = "{From Railway Resource Planning to Train Operation
		  --- a Brief Survey of Complementary Formalisations}",
    pages = "629--636",
    booktitle = 	 "{Building the Information Society, IFIP 18th
		  World Computer Congress, Topical Sessions, 22--27
		  August, 2004, Toulouse, France --- Ed. Ren{\'e}ne Jacquart}", 
  year = 	 "2004",
  publisher  = "Kluwer Academic Publishers",
  month = 	 "August",
  note = ""}		  
	
@InProceedings{ifip-train-2004c,
    author = "Dines Bj{\o}rner",
    title        = "{Towards a Formal Model of \textsf{CyberRail}}",
    pages = "657--664",
    booktitle = 	 "{Building the Information Society, IFIP 18th
		  World Computer Congress, Tpical Sessions, 22--27
		  August, 2004, Toulouse, France --- Ed. Ren{\'e}ne Jacquart}", 
  year = 	 "2004",
  publisher  = "Kluwer Academic Publishers",
  month = 	 "August"}	
		   
@InProceedings{db02-amore-ros,
    author       = "Albena Kirilova Strupchanska and Martin  P\v{e}ni\v{c}ka
		    and Dines Bj{\o}rner\label{db02-amore-ros}", 
    title        = "{Railway Staff Rostering}",
  booktitle = 	 "{FORMS2003: Symposium on Formal Methods for Railway
		  Operation and Control Systems}",  
  year = 	 "2003",
  publisher  = "L'Harmattan Hongrie",
  month = 	 "15--16 May",
  note = "Conf. held at Techn.Univ. of Budapest, Hungary. Editors: 
G. Tarnai and E. Schnieder, Germany. \footnote{http://www2.imm.dtu.dk/\~{}dibj/albena.pdf}"}  

		  
@InProceedings{db02-amore-maint,
    author       = "Martin P\v{e}ni\v{c}ka and Albena Kirilova Strupchanska
		  and Dines Bj{\o}rner", 
    title        = "{Train Maintenance Routing}",
  booktitle = 	 "{FORMS'2003: Symposium on Formal Methods for Railway
		  Operation and Control Systems}",  
  year = 	 "2003",
  publisher  = "L'Harmattan Hongrie",
  month = 	 "15--16 May",
  note = "Conf. held at Techn.Univ. of Budapest, Hungary. Editors: 
G. Tarnai and E. Schnieder, Germany. \footnote{http://www2.imm.dtu.dk/\~{}dibj/martin.pdf}"} 
		  
@InProceedings{db03:ifac-cts2003,
  author = 	 "Dines Bj{\o}rner",
  title = 	 "{Dynamics of Railway Nets: On an Interface between
		  Automatic Control and Software Engineering}", 
  booktitle = 	 "{CTS2003: 10th IFAC Symposium on
Control in Transportation Systems}", 
  year = 	 "2003",
  publisher = "Elsevier Science Ltd.",
  address = 	 "Oxford, UK",
  doi = "10.1016/S1474-6670(17)32424-2",
  month = 	 "August 4-6",
  note = "Symposium held at Tokyo, Japan. Editors: S. Tsugawa and
		  M. Aoki. \footnote{http://www2.imm.dtu.dk/\~{}dibj/ifac-dynamics.pdf}"} 
		  
@InProceedings{db03:forms2003,
  author = 	 "Dines Bj{\o}rner",
  title = 	 "{New Results and Trends in Formal Techniques for the
		  Development of Software for Transportation Systems}",
  booktitle = 	 "{FORMS2003: Symposium on Formal Methods for Railway
		  Operation and Control Systems}",  
  year = 	 "2003",
  publisher = "Institut f{\"u}r Verkehrssicherheit und
		  Automatisierungstechnik, Techn.Univ. of
		  Braunschweig, Germany", 
  OPTaddress = 	 "",
  month = 	 "15--16 May",
  note = "Conf. held at Techn.Univ. of Budapest, Hungary. Editors: 
G. Tarnai and E. Schnieder, Germany. \footnote{http://www2.imm.dtu.dk/\~{}dibj/dines-amore.pdf}"} 
		  
@InProceedings{dines-idpt-02,
  author = 	 "Dines Bj{\o}rner and Chris W. George and S{\o}ren Prehn",
  title = 	 "{Computing Systems for Railways --- A R{\^o}le for
		  Domain Engineering. Relations to Requirements
		  Engineering and Software for Control Applications}",
  booktitle = 	 "{Integrated Design and Process Technology. Editors:
		  Bernd Kraemer and John C. Petterson}", 
  year = 	 "2002",
  publisher = "Society for Design and Process Science",
  address = 	 "P.O.Box 1299, Grand View, Texas 76050-1299, USA",
  month = 	 "24--28 June",
  OPTpages = 	 "26 pages",
  note = "\footnote{http://www2.imm.dtu.dk/\~{}dibj/pasadena-25.pdf}"} 

@InProceedings{dines-kilov-02,
  author = 	 "Dines Bj{\o}rner",
  title = 	 "{Domain Models of "The Market" ---
                   in Preparation for E--Transaction Systems}",
  booktitle = 	 "{Practical Foundations of Business and System
                  Specifications (Eds.: Haim Kilov and Ken
                  Baclawski)}", 
  year = 	 "2002",
  publisher = "Kluwer Academic Press",
  address = 	 "The Netherlands",
  month = 	 "December",
  OPTpages = 	 "34 pages",
  note = 	 "\footnote{http://www2.imm.dtu.dk/\~{}dibj/themarket.pdf}"}  

@InProceedings{dines-mw-02b,
  author = 	 "Dines Bj{\o}rner",
  title = 	 "{An Ontology for a TripTych Formal Software
		  Development Method}",
  booktitle = 	 "{Radical Innovations for
                  Systems and Software Engineering}",
  series = 	 "The Monterey Workshops",
  year = 	 "2002",
  publisher = "Springer--Verlag",
  address = 	 "Venice, Italy",
  month = 	 "October 7--11",
  pages = 	 "45 pages",
  OPTnote = 	 ""}

@InProceedings{dines-zohar03,
  author = 	 "Dines Bj{\o}rner",
  title = 	 "{Domain Engineering: A "Radical Innovation" for
                  Systems and Software Engineering~?}",
  booktitle = 	 "{Verification: Theory and Practice}",
  series = 	 "Lecture Notes in Computer Science",
  volume = "2772",
  year = 	 "2003",
  publisher = "Springer--Verlag",
  address = 	 "Heidelberg",
  month = 	 "October 7--11",
  OPTpages = 	 "54 pages",
  note = 	 "{The Zohar Manna International
                  Conference, Taormina, Sicily 29 June -- 4 July
		  2003. } \footnote{http://www2.imm.dtu.dk/\~{}dibj/zohar.pdf}"}  
	  
@InProceedings{dines-ojd-02,
  author = 	 "Dines Bj{\o}rner",
  title = 	 "{Towards ``Posite \& Prove'' 
		  Design Calculi for Requirements Engineering
                  and Software Design}",
  booktitle = 	 "{Essays and Papers in Memory of Ole--Johan Dahl}",
  year = 	 "2004",
  publisher = "Springer--Verlag", 
  series = "Lecture Notes in Computer Science",
  OPTpages = 	 "",
  OPTnote = 	 ""}

@InProceedings{db02:jacodebakker,
  author = 	 "Dines Bj{\o}rner",
  title = 	 "{Some Thoughts on Teaching Software Engineering --
		  Central R{\^o}les of Semantics.}", 
  booktitle = 	 "{Liber Amicorum: Professor Jaco de Bakker}",
  year = 	 "2002",
  publisher = "Stichting Centrum voor Wiskunde en Informatica",
  address = 	 "Amsterdam, The Netherlands",
  month = 	 "30 August",
  pages = 	 "27--45",
  note = 	 "Eds.: Frank de Boer, Marlin van der Heijden,
                        Paul Klint, and Jan Rutten"}

@InProceedings{db02:lisboa,
  author = 	 "Dines Bj{\o}rner",
  title = 	 "{What is an Infrastructure~?}",
  booktitle = 	 "{Formal Methods at the Crossroads. From Panacea to
		  Foundational Support}", 
  year = 	 "2003",
  publisher = "Springer--Verlag",
  series = "Lecture Notes in Computer Science",
  OPTvolume = "",
  address = 	 "Heidelberg, Germany",
  OPTpages = 	 "",
  note = 	 "10th Anniversary Colloquium of UNI/IIST, the
		  International Institute 
		  for Software Technology of The United Nations
		  University (Macau SAR, China), Lisbon, Portugal, March 18-20,
		  2002. Eds.: Tom Maibaum and Bernhard K. Aichernig,
		  ISBN 3-540-20527-6"} 

@inproceedings{p:db:UNUIIST:12,
AUTHOR       = "Dines Bj{\o}rner",
TITLE        = "{Prospects for a Viable Software Industry ---
                Enterprise Models, Design Calculi, and
                Reusable Modules}",
booktitle = "First ACM Japan  Chapter Conference", 
publisher  = "World
                Scientific Publ",
ADDRESS      = "Singapore",
MONTH        = "March 7--9",
YEAR         = "1994",
NOTE         = "Appendix in collaboration with S{\o}ren Prehn and Dong
		  Yulin"} 

@techreport{db93:p:UNUIIST:7,
AUTHOR       = "Dines Bj{\o}rner",
TITLE        = "{University Curricula in Software Technology}",
TYPE         = "Technical Report",
INSTITUTION  = "{\sf UNU/IIST}",
ORGANISATION = "International Institute for Software
                Technology, United Nations University",
ADDRESS      = "P.O.Box 3058, Macau",
MONTH        = "March 15",
NUMBER       = "7",
YEAR         = "1993",
NOTE         = "Keynote address: IFIP TC3 WG3.4/SRIG-ET (SEARCC)  
                International Working Conference 1993: {\sl Software
                Engineering Education}, Hong Kong,
                September 28 -- October 2, 1993"}

@TECHREPORT{db89:p:procos2,
  KEY		= "ID/DTH DB 3",
  AUTHOR	= "Dines Bj{\o}rner",
  TITLE		= "{A {P}ro{C}o{S} {P}roject {D}escription}",
  INSTITUTION	= ID,
  YEAR		= "1989",
  MONTH		= "October",
  TYPE		= "{\sl Published in 
two slightly different versions: \
(1) EATCS Bulletin, October 1989,\
(2) (Ed. Ivan Plander:) Proceedings: 
Intl. Conf. on AI \& Robotics, Strebske
Pleso, Slovakia, Nov. 5-9, 1989, North-Holland, Publ.}",
  ANNOTE	= "
{\sl Published in two sligthly different versions: \
1) EATCS Bulletin, October 1989,\
2) (Ed. Ivan Plander:) Procedings: 
Intl. Conf. on AI \& Robotics, Strebske
Pleso, Slovakia, Nov. 5-9, 1989, North-Holland, Publ.}"}

@ARTICLE{ase:seeduc:db98,
	AUTHOR		= "Dines Bj{\o}rner  and Jorge R. Cu{\'e}llar",
	TITLE		= "{Software Engineering Education: R{\^o}les
		  of Formal Specification and Design Calculi}",
	JOURNAL		= "Annals of Software Engineering",
	VOLUME		= "6",
	PAGES		= "365--410",
	YEAR		= "1998",
        NOTE = "Published April 1999"}


@ARTICLE{db70:p:Bj70a,
	AUTHOR		= "Dines Bj{\o}rner",
	TITLE		= "{A Flow Mode, Self-Steering, Cellular
			   Multiplier-Summation Processor}",
	JOURNAL		= "BIT",
	NUMBER		= "2",
	VOLUME		= "10",
	PAGES		= "125--14",
	YEAR		= "1970"}

@INPROCEEDINGS{db70:p:Bj70b,
	AUTHOR		= "Dines Bj{\o}rner",
	TITLE		= "{The Synthesis of Finite State Syntax
			   Directed Top-Down and 
                           Bottom-Up Transducers}",
	ORGANIZATION	= "IEEE",
	BOOKTITLE	= "SWAT 
                           (Symp. Switch. \& Autom. Theory)",
	PAGES		= "122-132",
	MONTH		= "Oct.",
	YEAR		= "1970"}

@ARTICLE{db70:p:Bj70c,
	AUTHOR		= "Dines Bj{\o}rner",
	TITLE		= "{Flowchart-Machines}",
	JOURNAL		= "BIT",
	NUMBER		= "4",
	VOLUME		= "10",
	PAGES		= "415--442",
	YEAR		= "1970"}

@INPROCEEDINGS{db70:p:Bj70d,
        AUTHOR          = "Dines Bj{\o}rner",
        TITLE           = "{Folded Syntax- and 
                           Recursive Flowchart-Machines}",
        BOOKTITLE       = "HICSS (Hawaii Int'l. Conf. 
                           Sys. Sci.)",
        PAGES           = "415-453",
        MONTH           = "January",
        YEAR         	= "1970"}

@INPROCEEDINGS{p:db:Bj70e,
        AUTHOR          = "Dines Bj{\o}rner",
        TITLE           = "{Register Transfer and 
                           Transformation Machines}",
        BOOKTITLE       = "HICSS (Hawaii Int'l.
                            Conf. Sys. Sci.)",
        PAGES           = "61-63",
        MONTH           = "January",
        YEAR         	= "1970"}

@INPROCEEDINGS{p:db:Bj70f,
	AUTHOR		= "Dines Bj{\o}rner",
	TITLE		= "{Finite State Automaton 
                           Definition of Data
			   Communication Line Control 
                           Procedures}",
	BOOKTITLE	= "FJCC (Fall Joint Comp. Conf.)",
	PUBLISHER	= "AFIPS",
	VOLUME		= "37",
	PAGES		= "477-491",
	MONTH		= "November",
	YEAR		= "1970"}


@INCOLLECTION{db71:p:Bj71,
  KEY           = "MRI",
  AUTHOR        = "Dines Bj{\o}rner",
  TITLE         = "{On the Definition of 
                    Higher Level Language Machines}",
  BOOKTITLE     = "Computers and Automata",
  SERIES        = "Microwave Research Inst. Symposia",
  VOLUME        = "21",
  PUBLISHER     = "Polytechnic Inst. of Brooklyn, N.Y., USA",
  PAGES         = "",
  YEAR          = "1971",
  ANNOTE        = ""}

@INPROCEEDINGS{p:db:Bj77a,
  KEY           = "Bj{\o}rner 77a",
  AUTHOR        = "Dines Bj{\o}rner",
  TITLE         = "{Programming Languages: 
Linguistics and Semantics}",
  BOOKTITLE     = "International Computing Symposium 77 (eds.\ E.\
  Morlet and D.\ Ribbens)",
  ORGANIZATION  = "European ACM",
  PUBLISHER     = N-H,
  YEAR          = "1977",
  PAGES         = "511-536",
  ANNOTE        = "A Tutorial 
which uses {\it Meta-IV} to explain
a large variety of programming language constructs"}

@INPROCEEDINGS{p:db:Bj77b,
  KEY           = "Bj{\o}rner 77b",
  AUTHOR        = "Dines Bj{\o}rner",
  TITLE         = "{Programming Languages: 
Formal Development of Interpreters
  and Compilers}",
  BOOKTITLE     = "International Computing Symposium 77 (eds.\ E.\
  Morlet and D.\ Ribbens)",
  ORGANIZATION  = "European ACM",
  PUBLISHER     = N-H,
  YEAR          = "1977",
  PAGES         = "1-21",
  OPTANNOTE        = ""}

@inproceedings{p:db:Bj78e,
  KEY           = "Bj{\o}rner 78e",
  AUTHOR        = "Dines Bj{\o}rner",
  TITLE         = "{The {V}ienna {D}evelopment {M}ethod:
                  Software Abstraction and Program Synthesis}",
  PUBLISHER     = S-V,
  YEAR          = "1979",
  VOLUME        = "75",
  Booktitle     = "{Mathematical Studies of Information Processing}",
  SERIES        = LNCS,
  Note = "Proceedings of Conference at Research Institute for Mathematical Sciences (RIMS), 
          University of Kyoto, August 1978", 
  OPTANNOTE        = ""}


@INCOLLECTION{p:db:Bj78a,
  KEY           = "Bj{\o}rner 78a",
  AUTHOR        = "Dines Bj{\o}rner",
  TITLE         = "{The Systematic Development 
of a Compiling Algorithm}",
  BOOKTITLE     = "Le Point sur la Compilation",
  EDITOR        = "Amirchahy and Neel",
  PAGES         = "45-88",
  PUBLISHER     = "INRIA Publ. Paris",
  YEAR          = "1979",
  ANNOTE        = "Like \cite{p:db:Bj77b} this technical paper
develops, in some 4 stages, a compiling algorithm from a formal,
denotational semantics definition, for Zahn's Event Statement.
The paper also illustrates VDM uses of continuation style
semantics"}

@INCOLLECTION{p:db:Bj78c,
  KEY           = "Bj{\o}rner 78c",
  AUTHOR        = "Dines Bj{\o}rner",
  TITLE         = "{Programming in the Meta-Language: 
A Tutorial}",
  BOOKTITLE     = "{The Vienna Development Method: 
The Meta-Language, \cite{e:db:Bj78b}}",
  EDITOR        = "Dines Bj{\o}rner and Cliff B. Jones",
  PAGES         = "24-217",
  PUBLISHER     = S-V,
  SERIES        = LNCS,
  YEAR          = "1978",
  ANNOTE        = "An informal introduction to {\it Meta-IV}"}

      
@INCOLLECTION{p:db:Bj78d,
  KEY           = "Bj{\o}rner 78d",
  AUTHOR        = "Dines Bj{\o}rner",
  TITLE         = "{Software Abstraction 
        Principles: Tutorial Examples of an Operating System 
        Command Language Specification and a {PL/I}-like
        On-Condition Language Definition}",
  BOOKTITLE     = "{The Vienna Development Method: 
                    The Meta-Language, \cite{e:db:Bj78b}}",
  EDITOR        = "Dines Bj{\o}rner and Cliff B. Jones",
  PAGES         = "337-374",
  PUBLISHER     = S-V,
  SERIES        = LNCS,
  YEAR          = "1978",
  ANNOTE        = "Exemplifies socalled {\bf exit}
                   semantics uses of {\it Meta-IV} to slightly
                   non-trivial examples"}

@INCOLLECTION{p:db:Fol80,
  KEY           = "Folkj{\ae}r 80",
  AUTHOR        = "Preben Folkj{\ae}r and Dines Bj{\o}rner",
  TITLE         = "{A Formal Model of a 
                   Generalised {CSP}-like Language}",
  BOOKTITLE     = "Proc. IFIP'80",
  EDITOR        = "S.H. Lavington",
  PAGES         = "95-99",
  PUBLISHER     = N-H,
  YEAR          = "1980",
  ANNOTE        = "An imperative Meta-IV extended
version of {\it{CSP}} which
allows a dynamic varying number of processes, and dynamic
process-identifier based communication among these, is designed
and given a resumption style, part denotational (intra-process),
part operational (inter-process)
semantics"}

@INPROCEEDINGS{p:db:Lov80b,
  KEY           = "L{\o}vengreen 80b",
  AUTHOR        = "Hans Henrik L{\o}vengreen and Dines Bj{\o}rner",
  TITLE         = "On a Formal Model of the 
                   Tasking Concepts in {A}da",
  BOOKTITLE     = "ACM SIGPLAN Ada Symp.",
  ADDRESS       = "Boston",
  YEAR          = "1980",
  ANNOTE        = ""}
 
	
@INCOLLECTION{p:db:Bj80b,
  KEY		= "Bj{\o}rner 80b",
  AUTHOR	= "Dines Bj{\o}rner",
  TITLE         = "{Experiments in 
Block-Structured GOTO-Modelling: Exits
  vs. Continuations}",
  BOOKTITLE     = "{Abstract Software Specification, \cite{e:db:Bj80a}}",
  PUBLISHER     = S-V,
  SERIES        = LNCS,
  VOLUME        = "86",
  YEAR          = "1980",
  PAGES         = "216--247",
  EDITOR        = "Dines Bj{\o}rner",
  ANNOTE        = "Illustrates a spectrum of so-called
{\bf exit} and continuation semantics definitions, including
combinations of both!"}
	  
	
@INCOLLECTION{p:db:Bj80c,
  KEY           = "Bj{\o}rner 80c",
  AUTHOR        = "Dines Bj{\o}rner",
  TITLE         = "{Formalization of Data Base Models}",
  BOOKTITLE     = "{Abstract Software Specification, \cite{e:db:Bj80a}}",
  PUBLISHER     = S-V,
  SERIES        = LNCS,
  VOLUME        = "86",
  YEAR          = "1980",
  PAGES         = "144-215",
  EDITOR        = "Dines Bj{\o}rner",
  ANNOTE        = "Illustrates relational, hierarchical, and
network data modelling"}

@INCOLLECTION{p:db:Bj80d,
  KEY           = "Bj{\o}rner 80d",
  AUTHOR        = "Dines Bj{\o}rner",
  TITLE         = "{Formal Description of 
Programming Concepts: a Software
  Engineering Viewpoint}",
  BOOKTITLE     = "{MFCS}'80, Lecture Notes Vol. 88",
  PUBLISHER     = S-V,
  YEAR          = "1980",
  PAGES         = "1-21",
  ANNOTE        = "Surveys a number of applications of {\it VDM}"}

@INPROCEEDINGS{p:db:Bj80e,
  KEY           = "Bj{\o}rner 80e",
  AUTHOR        = "Dines Bj{\o}rner",
  TITLE         = "{Application of Formal Models}",
  BOOKTITLE     = "Data Bases",
  PUBLISHER  = "INFOTECH Proceedings",
  YEAR          = "1980",
  MONTH         = "October",
  ANNOTE        = ""}

@INCOLLECTION{p:db:Bj80g,
  KEY           = "Bj{\o}rner 80g",
  AUTHOR        = "Dines Bj{\o}rner and Ole N. Oest",
  TITLE         = "{The {DDC A}da Compiler Development Project}",
  BOOKTITLE     = "{Towards a Formal Description of {A}da, 
                    \cite{e:db:Bj80f}}",
  PUBLISHER     = S-V,
  SERIES        = LNCS,
  VOLUME        = "98",
  EDITOR        = "Dines Bj{\o}rner and Ole N. Oest",
  PAGES         = "1--19",
  YEAR          = "1980",
  ANNOTE        = "Outlines the basic 
{\it VDM} development steps
to be followed, and followed, in the 
Dansk Datamatik Center (DDC)
Ada compiler development project --- 1981--1984"}


@INPROCEEDINGS{p:db:Bj81,
  KEY           = "Bj{\o}rner 81",
  AUTHOR        = "Dines Bj{\o}rner",
  TITLE         = "{The {VDM} Principles of Software 
                    Specification and Program Design}", 
  BOOKTITLE     = "{{TC2} Work.Conf. on Formalisation of 
                   Programming Concepts, Peniscola, Spain}",
  ORGANIZATION  = "IFIP",
  PUBLISHER     = S-V,
  ADDRESS       = "LNCS Vol. 107",
  YEAR          = "1981",
  PAGES         = "44-74",
  ANNOTE        = "Advocates the stepwise unfolding of
the formal definition of the architecture of a fault-tolerant
file system"} 

@INCOLLECTION{p:db:Bj82c,
  KEY           = "Bj{\o}rner 82c",
  AUTHOR        = "Dines Bj{\o}rner",
  TITLE         = "{Rigorous Development 
of Interpreters and Compilers}",
  BOOKTITLE     = "See \cite{e:db:Bj82b}",
  CHAPTER       = "9",
  PAGES         = "271-320",
  PUBLISHER     = P-H,
  YEAR          = "1982",
  ANNOTE        = ""}

@INCOLLECTION{p:db:Bj82d,
  KEY           = "Bj{\o}rner 82d",
  AUTHOR        = "Dines Bj{\o}rner",
  TITLE         = "{Stepwise Transformation of 
Software Architectures}",
  BOOKTITLE     = "See \cite{e:db:Bj82b}",
  CHAPTER       = "11",
  PAGES         = "353-378",
  PUBLISHER     = P-H,
  YEAR          = "1982",
  ANNOTE        = ""}

@INPROCEEDINGS{p:db:Bj82a,
  KEY		= "Bj{\o}rner 82",
  AUTHOR	= "Dines Bj{\o}rner and  Hans Henrik L{\o}vengreen",
  TITLE		= "{Formal Semantics of Data Bases}",
  BOOKTITLE	= "8th Int'l. Very Large Data Base Conf.",
  ADDRESS       = "Mexico City",
  YEAR		= "1982",
  MONTH		= "Sept. 8-10", 
  ANNOTE	= "Advocates the use of formal specification
in the design of new, and recording of old 
data models. Gives an 
extensive model of the {\it IMS} data base management
system"}
  
@INCOLLECTION{p:db:Bj82e,
  KEY           = "Bj{\o}rner 82e",
  AUTHOR        = "Dines Bj{\o}rner and Hans Henrik L{\o}vengreen",
  TITLE         = "{Formalization of Data Models}",
  BOOKTITLE     = "{Formal Specification and 
                    Software Development, \cite{e:db:Bj82b}}",
  CHAPTER       = "12",
  PAGES         = "379-442",
  PUBLISHER     = P-H,
  YEAR          = "1982",
  ANNOTE        = ""}

@INCOLLECTION{p:db:Bj82f,
  KEY           = "Bj{\o}rner 82f",
  AUTHOR        = "Dines Bj{\o}rner",
  TITLE         = "{Realization of 
Database Management Systems}",
  BOOKTITLE     = "See \cite{e:db:Bj82b}",
  CHAPTER       = "13",
  PAGES         = "443-456",
  PUBLISHER     = P-H,
  YEAR          = "1982",
  ANNOTE        = ""}

@INCOLLECTION{p:db:Bj83,
  KEY           = "Bj{\o}rner 83",
  AUTHOR        = "Dines Bj{\o}rner and S{\o}ren Prehn",
  TITLE         = "{Software Engineering Aspects of {VDM}}",
  BOOKTITLE   = "{Theory and Practice of Software Technology}",
  EDITOR        = "D. Ferrari",
  PUBLISHER     = N-H,
  YEAR          = "1983",
  ANNOTE        = ""}

@ARTICLE{db85:p:Bj85c,
	AUTHOR		= "Dines Bj{\o}rner",
	TITLE	= "{Software Engineering and Programming:
			   Past-Present-Future}",
	JOURNAL		= "IPSJ: Inform. Proc. Soc. of Japan",
	VOLUME		= "8",
	NUMBER		= "4",
	PAGES		= "265--270",
	YEAR		= "1986"}
	
@INCOLLECTION{p:db:Bj85b,
  KEY           = "Bj{\o}rner 86a",
  AUTHOR        = "Dines Bj{\o}rner and Mogens Nielsen",
  TITLE         = "{Meta Programs and Project Graphs}",
  BOOKTITLE     = "ETW: Esprit Technical Week",
  PUBLISHER     = "Elsevier",
  YEAR          = "1985",
  PAGES		= "479-491",
  MONTH         = "May",
  ANNOTE        = ""}
 
@INCOLLECTION{p:db:Bj86a,
  KEY           = "Bj{\o}rner 86a",
  AUTHOR        = "Dines Bj{\o}rner",
  TITLE         = "{Project Graphs and Meta-Programs: 
                Towards a Theory of
  Software Development}",
  BOOKTITLE     = "Proc. Capri '86 Conf. on 
Innovative Software Factories and
  Ada, Lecture Notes on Computer Science",
  EDITOR        = "N. Habermann and U. Montanari",
  PUBLISHER     = S-V,
  YEAR          = "1986",
  MONTH         = "May",
  ANNOTE        = ""}

@INCOLLECTION{p:db:Bj86b,
  KEY           = "Bj{\o}rner 86b",
  AUTHOR        = "Dines Bj{\o}rner",
  TITLE         = "{Software Development Graphs 
--- A Unifying Concept for
  Software Development?}",
  BOOKTITLE     = "Vol. 241 of Lecture Notes in 
Computer Science: Foundations
  of Software Technology and Theoretical Computer Science",
  EDITOR        = "K.V. Nori",
  PAGES         = "1-9",
  PUBLISHER     = S-V,
  YEAR          = "1986",
  MONTH         = "Dec.",
  ANNOTE        = ""}

@INCOLLECTION{p:db:Bj87g,
  KEY           = "Bj{\o}rner 86b",
  AUTHOR        = "Dines Bj{\o}rner",
  TITLE         = "{Conceptual Threads of Datalogy, 
Informatics and
                   Information Technology}",
  BOOKTITLE     = "{Children in the Information Age: 
Opportunities
		   for Creativity, Innovation and 
New Activities}",
  EDITOR        = "Bl. Sendov and I. Stanchev",
  PAGES         = "19--36",
  PUBLISHER     = "Pergamon Press, Oxford",
  YEAR          = "1988",
  MONTH         = "Dec.",
  ANNOTE        = ""}

@INPROCEEDINGS{p:db:Bj87b,
  KEY           = "Bj{\o}rner 87b",
  AUTHOR        = "Dines Bj{\o}rner",
  TITLE         = "{On {T}he {U}se of 
{F}ormal {M}ethods in {S}oftware
{D}evelopment}",
  BOOKTITLE     = "Proc. of 9th International 
Conf. on Software Engineering,
  Monterey, California",
  ORGANIZATION  = "IEEE",
  PAGES         = "17--29",
  YEAR          = "1987",
  MONTH         = "April",
  ANNOTE        = ""}

@INPROCEEDINGS{p:db:Bj87h,
  KEY           = "Bj{\o}rner 87d",
  AUTHOR        = "Dines Bj{\o}rner",
  TITLE         = "{Aspects of the R{\^o}le of Theory in the
		   Computation Sciences and Engineering}",
  BOOKTITLE     = "Bulletin",
  PAGES         = "31--38",
  PUBLISHER     = "EATCS: European Assoc. f. Theoretical Comp. Sci.",
  VOLUME        = "32",
  MONTH         = "June",
  YEAR          = "1987",
  ANNOTE        = ""}

@INPROCEEDINGS{p:db:Bj87i,
  KEY           = "Bj{\o}rner 87d",
  AUTHOR        = "Dines Bj{\o}rner",
  TITLE         = "{Some thoughts on: Structures, Objectives and
		   Management of Centres for 
                   Computation Sciences and
		   Software Technology}",
  BOOKTITLE     = "Bulletin",
  PAGES         = "39--54",
  VOLUME	= "32",
  MONTH         = "June",
  PUBLISHER     = "EATCS: European Assoc. f. Theoretical Comp. Sci.",
  YEAR          = "1987",
  ANNOTE        = ""}

@INPROCEEDINGS{p:db:Bj87j,
  AUTHOR        = "Dines Bj{\o}rner",
  TITLE  = "{The Stepwise Development of Software
      Development Graphs: Meta-Programming VDM Developments}",
  BOOKTITLE     = "See \cite{e:db:VDM'87}",
  PAGES         = "77--96",
  VOLUME	= "252",
  MONTH         = "March",
  PUBLISHER     = SV,
  SERIES        = LNCS,
  YEAR          = "1987",
  ANNOTE        = ""}

@INPROCEEDINGS{p:db:Bj89a,
  KEY           = "Dines",
  AUTHOR        = "Dines Bj{\o}rner",
  TITLE         = "{Specification and Transformation: 
                   Methodology
		   Aspects of the Vienna Development Method}",
  BOOKTITLE     = "TAPSOFT'89",
  PUBLISHER     = SV,
  SERIES	= LN,
  VOLUME	= "352",
  PAGES		= "1--35",
  YEAR          = "1989",
  ANNOTE        = ""}



@INPROCEEDINGS{p:db:Bj89b,
  KEY           = "Dines",
  AUTHOR        = "Dines Bj{\o}rner",
  TITLE         = "{Towards a Meaning of `M' in VDM}",
  BOOKTITLE     = "{Formal 
Description of Programming Concepts}",
  PUBLISHER     = SV,
  EDITOR	= "E.J. Neuhold and M. Paul",
  SERIES	= "IFIP State--of--the--Art Reports",
  PAGES		= "137--258",
  YEAR          = "1991",
  NOTE        = "An IFIP TC2 Seminar, Persepolis, Brasil"}

@ARTICLE{p:db:Bj89c,
	AUTHOR	= "Dines Bj{\o}rner",
	TITLE	= "{Facets of Software Development: 
		Computer Science \& Programming,
		Engineering \& Management}",
	JOURNAL = "J. of Comput. Sci. \& Techn.",
	PUBLISHER = "Academia Sinica",
	VOLUME	= "4",
	NUMBER  = "3",
	YEAR	= "1989",
	PAGES	= "193--203"}

@INPROCEEDINGS{p:db:Bj90b,
  KEY           = "DinesDruffel",
  AUTHOR        = "Dines Bj{\o}rner and Larry M. Druffel",
  TITLE         = "{Industrial Experience 
                   in using Formal Methods}",
  BOOKTITLE     = "Intl. Conf. on Software Engineering",
  ORGANISATION  = "IEEE",
  PAGES         = "264--266",
  PUBLISHER     = "IEEE Computer Society Press",
  YEAR          = "1990",
  ANNOTE        = ""}

@INPROCEEDINGS{p:db:Bj91c,
  KEY           = "Dines",
  AUTHOR        = "Dines Bj{\o}rner",
  TITLE         = "{{F}ormal {S}oftware {D}evelopment:
                   {R}equirements for a {CASE}}",
  BOOKTITLE     = "European Symposium on Software Development
Environment and CASE Technology, {K}{\"o}nigswinter, 
FRG, June 17--21",
  PUBLISHER     = SV,
  YEAR          = "1991",
  ANNOTE        = ""}

@INPROCEEDINGS{p:db:Bj91d,
  KEY           = "Ershov",
  AUTHOR        = "Dines Bj{\o}rner",
  TITLE         = "{Formal {S}pecification is an {E}xperimental
                   {S}cience (in English)}",
  BOOKTITLE     = "Intl. Conf. on Perspectives 
                   of System Informatics",
  ORGANISATION  = "USSR Acad. of Science, 
Akademogorodok, Novosibirsk,
                   Russian SSR",
  PAGES         = "",
  PUBLISHER     = "",
  MONTH         = "17--21 May",
  YEAR          = "1991",
  ANNOTE        = ""}


@ARTICLE{p:db:Bj91f,
  KEY           = "Ershov",
  AUTHOR        = "Dines Bj{\o}rner",
  TITLE         = "{Formal {S}pecification is an {E}xperimental
                   {S}cience (in Russian)}",
  PUBLISHER     = "Russian Acad. of Science, Moscow",
  JOURNAL       = "Programmirovanie",
  VOLUME        = "6",
  PAGES		= "24--43",
  YEAR          = "1991",
  ANNOTE        = "Translated by Prof., Dr. Victor Ivannikov,
		  Institute of Systems 
                  Programming, Russian Academy of
		  Sciences, Moscow"}


@INPROCEEDINGS{p:db:Bj92x,
  KEY           = "Dines Bj{\o}rner",
  AUTHOR 	= "Dines Bj{\o}rner",
  TITLE         = "{A R{\^o}le for UNU/IIST:
         Developing Countries' 
         Access to New Information Technologies}",
  BOOKTITLE     = "Access to Science and Technology 
                  --- The R{\^o}le 
                   of Information Technology",
  PUBLISHER     = "Kyoto University \& UNU Press",
  YEAR          = "1992",
  ORGANISATION  = "Kyoto University 
                   \& UN University Symposium, Kyoto",
  MONTH         = "May 12--14"}


@ARTICLE{p:db:Bj92a,
  KEY           = "Dines",
  AUTHOR        = "Dines Bj{\o}rner and Anne Elisabeth 
Haxthausen and Klaus Havelund",
  TITLE         = "{{F}ormal, {M}odel-oriented 
                   {S}oftware {D}evelopment
                   {M}ethods:
                   {F}rom {VDM} to {P}ro{C}o{S}, 
                   and from {RAISE}
                   to {L}a{C}o{S}}",
  JOURNAL       = "Future Generation Computer Systems",
  PUBLISHER     = NH,
  YEAR          = "1992",
  ANNOTE        = ""}


@INPROCEEDINGS{p:db:Bj92b,
  KEY           = "Dines",
  AUTHOR        = "Dines Bj{\o}rner",
  TITLE         = "{Trustworthy {C}omputing {S}ystems: {T}he
                   {P}ro{C}o{S} {E}xperience}",
  ORGANISATION  = "IEEE and ACM",
  BOOKTITLE     = "14'th ICSE: Intl. Conf. on Software
                   Eng., Melbourne, Australia",
  PUBLISHER     = "ACM Press",
  PAGES         = "15--34",
  MONTH         = "May 11--15",
  YEAR          = "1992",
  ANNOTE        = ""}

@INPROCEEDINGS{p:db:Bj92c,
  KEY           = "Dines Bj{\o}rner",
  AUTHOR 	= "Dines Bj{\o}rner",
  TITLE         = "{From {R}esearch to {P}ractice: 
                {S}elf-reliance
		of the {D}eveloping {W}orld through {S}oftware
		{T}echnology: {U}sage, {E}ducation 
                \& {T}raining,
		{D}evelopment \& {R}esearch}",
  BOOKTITLE     = "Information Processing '92, 
                   IFIP World Congress '92, Madrid",
  EDITOR        = "Jan {van Lee7uwen}",
  PUBLISHER     = "IFIP Transaction A-12: 
                   Algorithms, Software, Architecture",
  PAGES         = "65--71",
  YEAR          = "1992",
  ORGANISATION  = "International Federation 
                   for Information Processing",
  MONTH         = "Sept. 7--11"}

@INPROCEEDINGS{p:db:Bj92dJFN,
  KEY           = "Dines Bj{\o}rner",
  AUTHOR 	= "Dines Bj{\o}rner and J{\o}rgen Fischer Nilsson",
  TITLE         = "{Algorithmic \& Knowledge Based Methods
--- Do they ``Unify''~? --- with some Programme 
Remarks for {\sf UNU/IIST}}",
  BOOKTITLE     = "International Conference on 
                   Fifth Generation Computer Systems: FGCS'92",
  PUBLISHER     = "ICOT",
  PAGES         = "(Separate folder, ``191--198'')",
  YEAR          = "1992",
  ORGANISATION  = "ICOT",
  MONTH         = "June 1--5"}

@INPROCEEDINGS{BjornerNilsson1992,
  AUTHOR 	= "Dines Bj{\o}rner and J{\o}rgen Fischer Nilsson",
  TITLE         = "{Algorithmic \& Knowledge Based Methods
--- Do they ``Unify''~?}",
  BOOKTITLE     = "International Conference on 
                   Fifth Generation Computer Systems: FGCS'92",
  PUBLISHER     = "ICOT",
  PAGES         = "191--198",
  YEAR          = "1992",
  ORGANISATION  = "ICOT",
  MONTH         = "June 1--5"}

@InBook{db93:p:UNUIIST:6,
  author = 	 "Dines Bj{\o}rner",
  title = 	 "{Formal Models of Robots: 
                 Geometry \& Kinematics}",
  chapter = 	 "3",
  publisher = 	 "Prentice-Hall International",
  year = 	 "1994",
  OPTseries = 	 "",
  OPTaddress = 	 "",
  month = 	 "January",
  pages = 	 "37--58",
  note = 	 "Eds.: W.Roscoe and J.Woodcock,
                  {\sl A Classical Mind,\/} 
                  Festschrift for C.A.R.\ Hoare",
  OPTannote = 	 ""
}

@inproceedings{db94:p:UNUIIST:23,
AUTHOR       = "Dines Bj{\o}rner and Yu Lin Dong and S{\o}ren Prehn",
TITLE        = "{Domain Analyses: 
                 A Case Study of Station Management}",
ORGANIZATION = "{Software Engineering Association of Japan}",
booktitle = "{{\sf KICS'94:} Kunming International
                CASE Symposium, Yunnan Province, P.R.of China}", 
MONTH        = "16--20 November",
YEAR         = "1994", 
NOTE         = ""}



@techreport{p:db94:UNUIIST:30,
AUTHOR       = "Jan Goossenaerts and Dines Bj{\o}rner",
TITLE        = "{An Information 
Technology Framework for Lean/Agile
Supply-based Industries in Developing Countries}",
INSTITUTION  = "{\sf UNU/IIST}",
ORGANIZATION = "International Institute for Software
                Technology, United Nations University",
ADDRESS      = "P.O.Box 3058, Macau",
YEAR         = "1994",
MONTH        = "",
TYPE         = "Technical Report",
NUMBER       = "30",
NOTE         = "Published in 
{\sl Proceedings of the International 
           Dedicated Conference on Lean/Agile Manufacturing 
           in the Automotive Industries}, ISATA, London, UK"}

@techreport{p:db:UNUIIST:31,
AUTHOR       = "Jan Goossenaerts and Dines Bj{\o}rner",
TITLE        = "{Interflow Systems for Manufacturing: 
                Concepts and a Construction}",
INSTITUTION  = "{\sf UNU/IIST}",
ORGANIZATION = "International Institute for Software
                Technology, United Nations University",
ADDRESS      = "P.O.Box 3058, Macau",
YEAR         = "1994",
MONTH        = "",
TYPE         = "Technical Report",
NUMBER       = "31",
NOTE         = "Published in 
{\sl Proceedings of the European Workshop 
           on Integrated Manufacturing Systems Engineering}"} 

@techreport{db95:UNUIIST:46,
AUTHOR       = "Dines Bj{\o}rner",
TITLE        = "{New Software Technology Development}",
INSTITUTION  = "{\sf UNU/IIST}",
ORGANIZATION = "International Institute for Software
                Technology, United Nations University",
ADDRESS      = "P.O.Box 3058, Macau",
YEAR         = "1995",
MONTH        = "November",
TYPE         = "Technical Report",
NUMBER       = "46",
NOTE         = "\BREAK International Symposium: 
       {\sf New IT for Governance and 
Publication Administration},
        Beijing, China; organized by UNDDSMS, June 1996"}

@techreport{db95:UNUIIST:47,
AUTHOR       = "Dines Bj{\o}rner",
TITLE        = "{Software Support for Infrastructure Systems}",
INSTITUTION  = "{\sf UNU/IIST}",
ORGANIZATION = "International Institute for Software
                Technology, United Nations University",
ADDRESS      = "P.O.Box 3058, Macau",
YEAR         = "1995",
MONTH        = "November",
TYPE         = "Technical Report", 
NUMBER       = "47",
NOTE         = "Position statement 
for the {\sl First Malaysia
       Information Technology Days: 
1--3 November 1995} \dbabstract{We
		  define and motivate 
the need for research into,
		  advanced development and actual deployment, by
		  public and private sector institutions and
		  enterprises, of an advanced class of uses of 
geographically widely distributed 
information technology systems of
		  computers and 
communications in achieving software
		  support for infrastructure systems}"} 

@InProceedings{db95:p:UNUIIST:48,
AUTHOR       = "Dines Bj{\o}rner",
TITLE        = "{Software Systems Engineering --- From Domain Analysis
                to Requirements Capture: An Air Traffic Control Example}",
YEAR         = "1995",
MONTH        = "6--9 December",
publisher = "{IEEE Computer Society}",
Booktitle     = "{2nd Asia-Pacific Software Engineering Conference
		  (APSEC '95)}",
note = "{Brisbane, Queensland, Australia}"}

		    
@techreport{db96:p:UNUIIST:59,
AUTHOR       = "Dines Bj{\o}rner",
TITLE        = "{New Software Development}",
INSTITUTION  = "{\sf UNU/IIST}",
ORGANISATION = "International Institute for Software
                  Technology, United Nations University",
TYPE         = "Administrative/Technical Report",
NUMBER       = "59",
ADDRESS      = "P.O.Box 3058, Macau",
MONTH        = "January",
YEAR         = "1996",
NOTE         = "Special {\sl Theme\/} paper:
       {\sl New Software Technology Development}. Paper was
       first prepared in
       September 1995 for an International
       Symposium:
       {\sl New IT Applications for Governance and Public
         Administration}, convened by the UN's 
Department for Development
       Support and Management Service: UNDDSMS, 
       Beijing, November 9--14, 1995. This 
symposium was subsequently
       moved (tentatively) to June 1996, 
same venue. \dbabstract{In
		  this paper we review (i) basic functions of
		  Governance and Public Administration
		  with respect to 
its possible needs for Computers \&
		  Communications  
(notably software); (ii) the basic 
tasks confronting upper level
		  management of   
Governance and Public Administration
		  institutions when considering  
		  Computers \&
		  Communications; (iii) 
the basic tasks confronting Computers
		  \& Communications
		  facilities management 
when procuring, monitoring 
the development of and operating new software technology for
		  Governance and Public Administration; 
		  and (iv) the basic tasks confronting {\sf New
		  Development of Software 
Technology}. In this latter
		  we cover current thoughts on software 
development process modelling, current 
methods, principles, techniques,
		  and tools of software 
development. We need to cover
		  (i--iii) in order to 
properly understand the setting
		  for and offerings of 
what is covered in (iv)}"}

@InProceedings{db:frames,
  author = 	 "Dines Bj{\o}rner and Souleimane Koussobe
and Roger Noussi and Georgui Satchok",
  title = 	 "{Michael Jackson's Problem Frames:
                   Towards Methodological Principles of Selecting and
		  Applying Formal Software Development Techniques and Tools}",
  booktitle = 	 "{ICFEM'97: Intl. Conf. on ``Formal
                   Engineering Methods'', Hiroshima, Japan}",
  editor = 	 "Li ShaoQi and Michael Hinchley",
  year = 	 "1997",
  publisher = "IEEE Computer Society Press",
  address = 	 "Los Alamitos, CA, USA",
  month = 	 "12--14 November",
  pages = 	 "263--271",
  OPTannote = 	 "",
  note = 	 "Invited lecture"
}
    

@inbook{p:db:97:sarot,
AUTHOR       = "Dines Bj{\o}rner and Chris W. George and S{\o}ren Prehn",
TITLE        = "{Scheduling and Rescheduling of Trains}",
PUBLISHER    = "FACIT, Springer--Verlag",
SERIES = "\textsl{Industrial Strength 
                 Formal Methods in Practice,} Eds.: Michael G. Hinchey
		  and Jonathan P. Bowen",
chapter = "8", 
pages = "157--184",
ADDRESS = "London, England",
YEAR         = "1999",
OPTNOTE         = ""} 

@InCollection{Bj97Bernried,
  author = 	 "Dines Bj{\o}rner",
  title = 	 "{Domains as Prerequisites for Requirements
                   and Software {\em \&c.}}",
  booktitle = 	 "{RTSE'97: Requirements Targeted
                   Software and Systems Engineering}",
  publisher = "Springer-Verlag",
  year = 	 "1998",
  editor = 	 "M. Broy and B. Rumpe",
  volume = 	 "1526",
  series = 	 "Lecture Notes in Computer Science",
  address = 	 "Berlin Heidelberg",
  OPTedition = 	 "",
  OPTmonth = 	 "",
  pages = 	 "1--41",
  OPTnote = 	 "",
  OPTannote = 	 ""
}

@Inproceedings{db97:p:sofsem,
  author = 	 "Dines Bj{\o}rner",
  title = 	 "{From Domain Engineering via
                   Requirements to Software. Formal
                   Specification and Design Calculi}",
  booktitle = "{SOFSEM'97}",
  year = 	 "1997",
  publisher = 	 "Springer--Verlag",
  month = 	 "November", 
  pages = "{219-248}",
  series = 	 "Lecture Notes in Computer Science",
  volume = "1338"}

@TechReport{db98:p:cafeobj98,
  author = 	 "Dines Bj{\o}rner",
  title = 	 "{Challenges in Domain Modelling ---
Algebraic or Otherwise}",
  institution =  "Department of Information Technology,
                  Software Systems Section,
                  Technical University of Denmark",
  year = 	 "1998",
  type = 	 "Research",
  address = 	 "DK--2800 Lyngby, Denmark",
  month = 	 "March",
  note = 	 "{Paper presented at the April
		  27--29 1998 CafeOBJ Workshop, Numazu, Japan. 41
		  pages}",
  OPTannote = 	 ""
}
  
@TechReport{db98:p:icse98,
  author = 	 "Dines Bj{\o}rner",
  title = 	 "{Formal Methods in the 21st Century --- An
		  Assessment of Today, Predictions for The Future ---
		  Panel position presented at the ICSE'98, 
		  Kyoto, Japan}",
  institution =  "{Department of Information Technology,
                  Software Systems Section,
                  Technical University of Denmark}",
  year = 	 "1998",
  month = 	 "April 22--14",
  OPTnote = 	 "{}",
  OPTannote = 	 ""}
  
@TechReport{db:apfose98a,
  author = 	 "Dines Bj{\o}rner",
  title = 	 "{Issues in International Cooperative Research ---
                   Why not Asian, African or Latin American
		  `Esprits'~?}", 
  institution =  "Department of Information Technology,
                  Software Systems Section,
                  Technical University of Denmark",
  year = 	 "1998",
  type = 	 "Research",
  address = 	 "DK--2800 Lyngby, Denmark",
  month = 	 "March",
  note = 	 "Paper presented at the pre--ICSE'98
                  Asia Pacific Forum on Software Engineering, Kyoto,
		  Japan, April 20--21, 1998. 25 pages",
  OPTannote = 	 ""
}

@Article{Bj98WoFACS,
  author = 	 "Dines Bj{\o}rner",
  title = 	 "{Where do Software Architectures come from~?
Systematic Development from Domains and Requirements.
A Re--assessment of Software Engneering~?}",
  journal = 	 "South African Journal of Computer Science",
  year = 	 "1999",
  volume = 	 "22",
  month = 	 "March",
  pages = 	 "3--13",
  note = 	 "Editor: Chris Brink",
  OPTannote = 	 ""
}

@Article{db99:p:pinnacles,
  author = 	 "Dines Bj{\o}rner",
  title = 	 "{Pinnacles of Software Engineering:
25 Years of Formal Methods}",
  journal = 	 "Annals of Software Engineering",
  year = 	 "2000",
  volume = 	 "10",
  pages = 	 "11--66",
  note = 	 "Eds. Dilip Patel and Wang Yi"}

@Article{db00-ligure,
  author = 	 "Dines Bj{\o}rner",
  title = 	 "{Domain Engineering: ``Upstream'' from Requirements
		  Engineering and Software Design}", 
  journal = 	 "US ONR + Univ. of Genoa Workshop, Santa Margherita Ligure",
  year = 	 "June 2000",
  note = 	 "Ed.: Egidio Astesiano et
		  al. Dept. of Informatics, Genoa Univ., Italy",
  OPTannote = 	 ""}

@TechReport{racosy99dom,
  author = 	 "Dines Bj{\o}rner and S{\o}ren Prehn 
                  and Chris W. George",
  title = 	 "{Formal Models of Railway Systems: Domains}",
  institution =  "Dept. of IT, Technical University of
                  Denmark",
  year = 	 "1999",
  address = 	 "Bldg.\ 344, DK--2800 Lyngby, Denmark",
  month = 	 "September 23",
  note = 	 "Presented at the FME\,Rail Workshop on
Formal Methods in Railway Systems, FM'99 World Congress
on Formal Methods, Toulouse, France. Avaliable on CD
		  ROM",
  OPTannote = 	 ""
}

@TechReport{racosy99req,
  author = 	 "Dines Bj{\o}rner and S{\o}ren Prehn
                  and Chris W. George",
  title = 	 "{Formal Models of Railway Systems:
                  Requirements}",
  institution =  "Dept. of IT, Technical University of
                  Denmark",
  year = 	 "1999",
  address = 	 "Bldg. 344, DK--2800 Lyngby, Denmark",
  month = 	 "September 23",
  note = 	 "Presented at the FME\,Rail Workshop on
Formal Methods in Railway Systems, FM'99 World Congress
on Formal Methods, Toulouse, France. Avaliable on CD
		  ROM",
  OPTannote = 	 ""
}


@InProceedings{db:tony:99,
  author = 	 "Dines Bj{\o}rner",
  title = 	 "{Domain Modelling: Resource Management
   Strategics, Tactics \& Operations, 
   Decision Support and Algorithmic Software}",
  booktitle = 	 "{Millenial Perspectives in Computer Science}",
  editor = 	 "Jim Davies and Bill Roscoe and Jim Woodcock",
  series = "Cornerstones of Computing (Ed.: Richard Bird and Tony Hoare)",
  publisher = "Palgrave (St.\ Martin's Press)",
  address = 	 "Houndmills, Basingstoke, Hampshire, RG21 6XS, UK",
  year = 	 "2000",
  pages = "23--40",
  note = 	 "An Oxford University and Microsoft Symposium in
		  Honour of Sir Anthony Hoare, September 13--14,
		  1999",
  OPTannote = 	 ""
}


@InProceedings{Bj99Tehran,
  author = 	 "Dines Bj{\o}rner",
  title = 	 "{Challenge '2000: some aspects of:
                  ``How to Create a Software Industry''}",
  booktitle = 	 "{Proceedings of CSIC'99, Ed.: R. Jalili}",
  OPTeditor = 	 "R. Jalili",
  year = 	 "1999",
  OPTpages = "",
  month = 	 "22 January",
  OPTnote = 	 ""
}
		  
@InProceedings{db:langmaack:99,
  author = 	 "Dines Bj{\o}rner",
  title = 	 "{A Triptych Software Development Paradigm:
Domain, Requirements and Software.
Towards a Model Development of
A Decision Support System for Sustainable Development}",
  booktitle = 	 "{Festschrift to Hans Langmaack:
		  Correct Systems Design: Recent Insight and Advances}",
  editor = 	 "Ernst\--R{\"u}diger Olderog and Bernhard Steffen",
  year = 	 "1999",
  series = "Lecture Notes in Computer Science",
  publisher = "Springer--Verlag",
  volume = "1710",
  pages = "29--60",
  organization = "University of Kiel, Germany",
  month = 	 "October",
  OPTnote = 	 "",
  OPTannote = 	 ""
}


@InProceedings{db00:p:plovdiv,
  author = 	 "Dines Bj{\o}rner",
  title = 	 "{Informatics: A Truly Interdisciplinary Science
                   --- Computing Science and Mathematics}",
  booktitle = 	 "{9th Intl. Colloquium on Numerical
Analysis and Computer Science with Applications}",
  editor = 	 "Drumei Bainov",
  year = 	 "2000",
  organization = "Bulgarian Academy of Sciences",
  publisher = "Academic Publications",
  address = 	 "P.O.Box 45, BG--1504 Sofia, Bulgaria",
  month = 	 "12--17 August",
  OPTpages = 	 "",
  note = 	 "Invited keynote"}

@InProceedings{db00:p:ait,
  author = 	 "Dines Bj{\o}rner",
  title = 	 "{Informatics: A Truly Interdisciplinary Science
                   ---  Prospects for an Emerging World}",
  booktitle = 	 "{Information Technology and Communication
                   --- at the Dawn of the New Millenium}",
  editor = 	 "S. Balasubramanian",
  year = 	 "2000",
  organization = "Asian Institute of Technology",
  address = 	 "Bangkok, Thailand",
  month = 	 "1--4 August",
  pages = 	 "71--84",
  note = 	 "Invited keynote"}

@InProceedings{db00:p:sofsem,
  author = 	 "Dines Bj{\o}rner\label{DE:Nov:2000}",
  title = 	 "{Domain Engineering,
A Software Engineering Discipline in Need of Research}",
  booktitle = 	 "{SOFSEM'2000: Theory and Practice of Informatics}",
  OPTeditor = 	 "V{\'a}clav Hlav{\'a}{\v{c}} and Keith G. Jeffrey and
		  Ji{\v{r}}{\'\i} Wiedermann", 
  volume = 	 "1963",
  series = 	 "Lecture Notes in Computer Science",
  year = 	 "2000",
  OPTorganization = "",
  publisher = "Springer Verlag",
  address = 	 "Milovy, Czech Republic",
  month = 	 "November 25 --- December 2",
  pages = 	 "1--17",
   OPTnote = 	 "",
  OPTannote = 	 ""}

@InProceedings{db00:p:ifac,
  author = 	 "Dines Bj{\o}rner",
  title = 	 "{Formal Software Techniques in Railway Systems}",
  booktitle = 	 "{9th IFAC Symposium on
                   Control in Transportation Systems}",
  editor = 	 "Eckehard Schnieder",
  year = 	 "2000",
  organization = "{\sf VDI/VDE\--Gesellschaft Mess-- und
                  Automatisieringstechnik},
                  {\sf VDI\--Gesellschaft f{\"u}r
                   Fahrzeug-- und Verkehrstechnik}",
  address = 	 "Technical University, Braunschweig,
                  Germany",
  month = 	 "13--15 June",
  pages = 	 "1--12",
  note = 	 "Invited talk",
  OPTannote = 	 ""
}

@InBook{db00.wg23,
  author = 	 "Dines Bj{\o}rner",
  title = 	 "{``What is a Method~?'' ---
   An Essay of Some Aspects of Software Engineering}",
  publisher = 	 "Springer Verlag",
  year = 	 "2003",
  chapter = "9", pages = "175--203", 
  series = 	 "Monographs in Computer Science.
		  IFIP: International Federation for Information
		  Processing", 
  address = 	 "New York, N.Y., USA",
  note = 	 "Programming Methodology: Recent Work by
                  Members of IFIP Working Group 2.3.
Eds.: Annabelle McIver and Carrol Morgan"}

@InProceedings{db01-yerevan,
  author = 	 "Dines Bj{\o}rner \label{DE:Sept:2001}",
  title = 	 "{Informatics Models of Infrastructure Domains}",
  booktitle = 	 "{Computer Science and Information Technologies}",
  year = 	 "2001",
  organization = "National Academy of Sciences of Armenia",
  publisher    = "Institute for Informatics and Automation Problems",
  address = 	 "Yerevan, Armenia",
  month = 	 "September 17--20",
  pages = 	 "13--73",
  OPTnote = 	 "",
  OPTannote = 	 ""
}
		  
@InProceedings{db01-emkt-a,
  author = 	 "Dines Bj{\o}rner",
  title = 	 "{Towards the E--Market: To understand the
                   E--Market we must first understand ``The Market''}",
  booktitle = 	 "{Government E--Commerce Development}",
  year = 	 "2001",
  organization = "Ningbo Science \& Technology Commission, Ningbo,
                  Zhejian Province, China",
  OPTpublisher = "",
  OPTaddress = 	 "",
  month = 	 "23--24 April",
  OPTpages = 	 "",
  OPTnote = 	 "",
  OPTannote = 	 ""
}

@InProceedings{db01.forte,
	AUTHOR		= "Dines Bj{\o}rner",
	TITLE		= "{On Formal Techniques in Protocol
		  Engineering: Example Challenges}",
  booktitle = 	 "Formal Techniques for Networks and Distributed
		  Systems (Eds.: Myungchul Kim, Byoungmoon Chin,
		  Sungwon Kang and Danhyung Lee){}",
	VOLUME		= "",
	PAGES		= "395--420",
	YEAR		= "2001",
		  PUBLISHER = "Kluwer",
	MONTH = "August 28--31", 
        NOTE = "Invited Key Lecture"}

@InProceedings{db03:thessalonika,
  author = 	 {Dines Bj{\o}rner},
  title = 	 {{Logics of Formal Software Specification Languages ---
       The Possible Worlds cum Domain Problem}},
  booktitle = 	 {Fourth Pan--Hellenic Symposium on Logic},
  year = 	 {2003},
  editor = 	 {Lefteris Kirousis},
  OPTvolume = 	 {},
  OPTnumber = 	 {},
  OPTseries = 	 {},
  address = 	 {Thessalonika, Greece},
  month = 	 {July 3--7},
  OPTorganization = {},
  OPTpublisher = {},
  OPTnote = 	 {},  
  OPTannote = 	 {}
}