
@string {lncs		= {Lecture Notes in Computer Science}}

@Article{Lotos,
  author = 	 "Ed Brinksma",
  title = 	 "{Lotos: \ldots}",
  journal = 	 "\ldots",
  year = 	 "\ldots",
  OPTkey = 	 "",
  OPTvolume = 	 "",
  OPTnumber = 	 "",
  OPTmonth = 	 "",
  OPTpages = 	 "",
  OPTnote = 	 "",
  OPTannote = 	 ""
}
 

@article{AL91,
	author =	{M. Abadi and L. Lamport},
	year =		1991,
	journal =	{Theoretical Computer Science},
	volume =	82,
	number =	2,
	pages =		{253--284},
	title =		{The Existence of Refinement Mappings}
}
		
@inproceedings{Andre,
	author = 	{C. Andr{\'e}},
	title = 	{{Representation and Analysis of Reactive Behaviors: A Synchronous Aproach}},
	booktitle = 	{Proceedings of CESA'96},
	month = 	{July},
	year = 		1996,
	address = 	{Lille, France}
}
@article{BCMDH92,
	title =		{Symbolic Model Checking $10^{20}$ States and Beyond},
	author =	{J.R. Burch and E.M. Clarke and K.L. McMillan and
				 D.L. Dill and L.J.  Hwang},
	journal =	i&c,
	volume =	98,
	number =	2,
	year =		1992,
	month =		jun,
	pages=		{142--170}
}
@book{BackWright98,
	author = 	"Ralph--Johan Back and Joakim von Wright",
	title = 	"{{Refinement Calculus: A Systematic Introduction}}",
	publisher = 	"{Springer-Verlag}",
        series = "{Graduate Texts in Computer Science}",
	address = "{Heidelberg, Germany}",
	year = 		1998}
		  
@inbook{Berry98,
	author = 	{G. Berry},
	title = 	{{Proof, Language and Interaction: Essays in Honour of Robin Milner}},
	chapter = {{The Foundations of Esterel}},
	editors = {G. Plotkin, C. Stirling and M. Tofte},
	publisher = 	{MIT Press},
	year = 		1998
}
@article{BerryGonthier92,
	author = 	{G. Berry and G. Gonthier},
	title = 	{{The Esterel Synchronous Programming Language: Design, Semantics, Implementation}},
	journal = 	{Science Of Computer Programming},
	volume = 	19,
	number = 	2,
	pages = 	{87-152},
	year = 		1992
}
@inbook{Boe95a,
	author  = {Egon B{\"o}rger},
	title   = {Annotated {B}ibliography on {E}volving {A}lgebras},
	chapter = {Specification and Validation Methods},
	pages   = {37-51},
	publisher = {Oxford University Press},
	year    = {1995},
}
@article{Boe95b,
	author  = {Egon B{\"o}rger},
	title   = {{Why Use Evolving Algebras for Hardware and Software Engineering?}},
	journal = lncs,
	year    = {1995},
	volume  = {1012},
	pages   = {236-271},
}

@inproceedings{CBH96b,
	author = 	{Jorge Cu\'ellar and Dieter Barnard and Martin Huber},
	title = 	{{A Solution relying on the Model Checking of Boolean Transition Systems}},
	booktitle = 	{{The RPC-Memory Specification Problem}},
	year = 		1996,
	type =		{{Dagstuhl Seminar of Broy/Lamport, 1994}},
	series = 	{lncs},
  pages =        "213--??",
	annote = 	{TLT: Lamport and Broy's Dagstuhl challenge}
}
@inproceedings{CGS91,
	author = 	{C. Courcoubetis and S. Graf and J. Sifakis},
	title = 	{An {A}lgebra of {B}oolean {P}rocesses},
	booktitle = 	{Proc. of CAV'91},
	pages = 	{454-465},
	year = 		{1991},
	annote = 	{Semantics, see also Kur90}
}
@Article{CW95,
  author =       "J. Cuellar and I. Wildgruber",
  title =        "{The Steam Boiler Problem --- {A} {TLT}
                 Solution}",
  journal =      lncs,
  volume =       "1165",
  pages =        "165--183",
  year =         "1996",
  CODEN =        "LNCSD9",
  ISSN =         "0302-9743",
  bibdate =      "Mon Aug 25 16:23:54 MDT 1997",
  acknowledgement = ack-nhfb,
}
@article{ClarkeWing96,
	author = 	{Edmund M. Clarke and Jeannette M. Wing},
	title = 	{{Formal Methods: State of the Art and Future Directions}},
	journal = 	{ACM Computing Surveys},
	year = 		1996
}
@inbook{Cousot90,
	author = 	{P. Cousot},
	title = 	{{Handbook of Theoretical Computer Science}},
	chapter = 	{{Methods and Logics for Proving Programs}},
	pages = 	{-},
	publisher = 	{Elsevier Science Publishers},
	editor =  {J. van Leeuwen},
	year = 		1990,
}
@inbook{Emerson90,
	author = 	{E.A. Emerson},
	title = 	{Handbook of Theoretical Computer Science},
	chapter = 	{Temporal and Modal Logic},
	pages = 	{-},
	publisher = 	{Elsevier Science Publishers},
	editor =  {J. van Leeuwen},
	year = 		1990,
}
@inproceedings{GBG91,
	author = 	{P. Le Guernic and M. Le Borgne and T. Gauthier and C. Le Maire},
	title = 	{{Programming Real 
                          Time Applications with Signal}},
	booktitle = 	{{Another Look at Real Time Programming}},
	month = 	{September},
	year = 		1991,
	series = 	{Proceedings of the IEEE},
	volume = 	{Special Issue}
}
@book{Girard,
	author = 	{Jean-Yves Girard 
 and Y. Lafont and P. Taylor},
	title = 	{{Proofs and Types}},
	publisher = 	{Cambridge Univ. Press},
	year = 		1989,
	volume = 	7,
	address = 	{Cambridge, UK},
	edition = 	{Cambridge 
       Tracts in Theoretical Computer Science}
}
@inbook{GunterScot90,
	author = 	{G.A. Gunter and D.S. Scott},
	title = 	{{Handbook of Theoretical Computer Science}},
	chapter = 	{{Semantic Domains}},
	pages = 	{-},
	publisher = 	{Elsevier Science Publishers},
	editor =  {J. van Leeuwen},
	year = 		1990,
}
@incollection{Gur93,
	author  = {Yuri Gurevich},
	title   = {Evolving Algebras: An Attempt to Discover Semantics},
	crossref = {RoSa93},
	pages   = {266-292}
}
@article{Gur94,
	author  = {Yuri Gurevich},
	title   = {Evolving Algebras},
	journal = {IFIP 13th World Computer Congress},
	year    = {1994},
	volume  = {I: Technology and Foundations},
	pages   = {423-427},
}
@incollection{Gur95,
	author  = {Yuri Gurevich},
	title   = {{Evolving Algebras 1993: Lipari Guide}},
	crossref = {Boe95c},
	pages   = {9-36},
}
@book{Boe95c,
	booktitle   = {Specification and Validation Methods},
	title   = {Specification and Validation Methods},
	publisher = {Oxford University Press},
	editor =  {E. B{\"o}rger},
	year    = {1995},
	crossrefonly = 1
}
@inproceedings{HCP91,
	author = 	{N. Halbwachs and P. Caspi and Pilaud},
	title = 	{{The Synchronous Dataflow Programming Language Lustre}},
	booktitle = 	{{Another Look at Real Time Programming}},
	month = 	{September},
	year = 		1991,
	series = 	{Proceedings at the IEEE},
	volume = 	{Special Issue}
}
@article{Harel,
	author = 	{D. Harel},
	title = 	{{Statecharts: a Visual Approach to Complex Systems}},
	journal = 	{Science of Computer Programming},
	volume = 	8,
	pages = 	{231-274},
	year = 		1987
}
@inbook{KozenTiury90,
	author = 	{D. Kozen, J. Tiuryn},
	title = 	{{Handbook of Theoretical Computer Science}},
	chapter = 	{{Logics of Programs}},
	pages = 	{-},
	publisher = 	{Elsevier Science Publishers},
	editor =  {J. van Leeuwen},
	year = 		1990,
}
@book{Kur94,
	author = 	{R.P. Kurshan},
	title = 	{{Computer Aided Verification of Coordinating Processes}},
	publisher = 	{Princeton University Press},
	year = 		1994,
	annote = 	{BA, BTS: semantic foundation for TLT}
}

@inbook{LaL90,
	author = 	{Leslie Lamport and Nancy Lynch},
	title = 	{{Handbook of Theoretical Computer Science}},
	chapter = 	{{Distributed Computing: Models and Methods}},
	pages = 	{1157-1199},
	publisher = 	{Elsevier Science Publishers},
	editor =  {J. van Leeuwen},
	year = 		1990,
}
@article{Lam94a,
	author  = {L. Lamport},
	title   = {The {T}emporal {L}ogic of {A}ctions},
	journal = {ACM Transactions on Programming Languages and Systems},
	year    = {1994},
	volume  = {16},
	number  = {3},
	pages   = {872-923},
	month   = {May}
}
@inproceedings{LeLann97,
	author = 	{G{\'e}rard Le Lann},
	title = 	{{Proof-Based System Engineering for Computing Systems}},
	booktitle = 	{{ESA-INCOSE Conference on Systems Engineering}},
	month = 	{November},
	year = 		1997,
	address = 	{Noordwijk, NL}
}
@inproceedings{Mar91,
	author = 	{F. Maraninchi},
	title = 	{{The Argos Language: Graphical Representation of Automata and Descrption of Reactive Systems}},
	booktitle = 	{International Conference on Visual Languages},
	year = 		1991,
	address = 	{Kobe, Japan}
}
@article{Meyer92,
	author =	{Bertrand Meyer},
	year =		1992,
	journal =	{Computer (IEEE)},
	volume =	25,
	number =	10,
	pages =		{40--51},
	title =		{Applying Design by Contract}
}

@inbook{Mosses90,
	author = 	{P.D. Mosses},
	title = 	{{Handbook of Theoretical Computer Science}},
	chapter = 	{{Denotational Semantics}},
	pages = 	{-},
	publisher = 	{Elsevier Science Publishers},
	editor =  {J. van Leeuwen},
	year = 		1990,
}
@book{Polya,
	author = 	{G. Polya},
	title = 	{{How to Solve It}},
	publisher = 	{Princeton Univ. Press},
	year = 		1957
}
@book{RoSa93,
	booktitle   = {Current Trends in Theoretical Computer Science},
	title   = {Current Trends in Theoretical Computer Science},
	publisher = {World Scientific},
	editor =  {G. Rozenberg and A. Salomaa},
	year    = {1993},
	crossrefonly = 1
}
@Article{Steamboiler,
  author =       "Jean--Raymond Abrial and Egon B{\"o}rger and Hans Langmaack",
  title =        "{The Steam Boiler Case Study: Competition of
                   Formal Program Specification and 
                   Development Methods}",
  journal =      lncs,
  volume =       "1165",
  pages =        "1--12",
  year =         "1996",
  CODEN =        "LNCSD9",
  ISSN =         "0302-9743",
  bibdate =      "Mon Aug 25 16:23:54 MDT 1997",
  acknowledgement = ack-nhfb,
}
@Book{Tanenbaum92,
  author = 	 "Andrew S. Tanenbaum",
  title = 	 "{Modern Operating Systems}",
  publisher = 	 "Prentice Hall Engineering, Science \& Math",
  year = 	 "1992"

}

@Book{Tanenbaum94,
  author = 	 "Andrew S. Tanenbaum",
  title = 	 "{Distributed Operating Systems}",
  publisher = 	 "Prentice Hall",
  year = 	 "1994"

}

@incollection{DerJou90,
	author = 	{Nachum Dershowitz and Jean-Pierre Jouannaud},
	title = 	{{Rewrite Systems}},
	crossref = 	{handbook-tcs-b},
	pages = 	{243-320},
}
@incollection{Thomas90,
	author = 	{W. Thomas},
	title = 	{{Automata on Infinite Objects}},
	crossref = 	{handbook-tcs-b},
	pages = 	{-},
}
@inproceedings{Var97,
	author = 	{Orna Kupferman and Moshe Y. Vardi},
	title = 	{{Synthesis with Incomplete Information}},
	booktitle = 	{{Proceedings of the ICTL'97}},
	year = 		1997
}
@book{Winskel93,
	author  = {Glynn Winskel},
	title   = {{The Formal Semantics of Programming Languages}},
	publisher = {The MIT Press},
	year    = {1993}
}

@book{handbook-tcs-b,
	editor =	{van Leeuwen, J.},
	year =		1990,
	publisher =	{Elsevier},
	booktitle =	{Handbook of Theoretical Computer Science, Volume B:
			Formal Models and Semantics},
	title =		{Handbook of Theoretical Computer Science, Volume B:
			Formal Models and Semantics},
	crossrefonly =  1
}

@book{handbook-tcs-AB-vL,
	editor =	{van Leeuwen, J.},
	year =		1990,
	publisher =	{Elsevier},
	booktitle =	
         {Handbook of Theoretical Computer Science,
                  Volumes A and B},
	title =		
         {Handbook of Theoretical Computer Science,
                  Volumes A and B}}

@Article{tlt:dag94,
  author =       "J. Cuellar and D. Barnard and M. Huber",
  title =        "{A Solution Relying on the Model 
                   Checking of {Boolean}
                   Transition Systems}",
  journal =      lncs,
  volume =       "1169",
  pages =        "213--??",
  year =         "1996",
  CODEN =        "LNCSD9",
  ISSN =         "0302-9743",
  bibdate =      "Fri Aug 22 11:59:49 MDT 1997",
  acknowledgement = ack-nhfb,
}

@book{Lyncha,
	author = 	{Nancy Lynch},
	title = 	{{Distributed Algorithms}},
	publisher = 	{Morgan Kaufmann Publishers},
	year = 		1996
}
