
@techreport{UNUIIST:DSaE,
AUTHOR       = "Dines Bj{\o}rner",
TITLE        = "{UNI/IIST Reports on Domain Modelling}",
INSTITUTION  = "{\sf UNU/IIST}",
ORGANISATION = "{International Institute for Software
                Technology, United Nations University}",
TYPE         = "{Research Report}",
YEAR         = "1995--1997",
NOTE         = "UNUIIST:46: New Software Technology Development,
                UNUIIST:47: Software Support for Infrastructure Systems,
                UNUIIST:48: Software Systems Engineering --- From Domain Analysis to
  Requirements Capture [--- an Air Traffic Control Example],
                UNUIIST:58: Infrastructure Software Systems, 
                UNUIIST:59: New Software Development,
                UNUIIST:60: Models of Enterprise Management: Strategy, Tactics \& Operations ---
  Case Study Applied to Airlines and Manufacturing,
                UNUIIST:61: Federated GIS+DIS--based Decision Support Systems for Sustainable
  Development --- a Conceptual Architecture,
                UNUIIST:96: odels of Financial Services \& Industries"}

@techreport{UNUIIST:253,
AUTHOR       = "Ana Funes and Chris W. George",
TITLE        = "{Formal Foundations in RSL for UML
		  Class Diagrams}", 
INSTITUTION  = "{\sf UNU/IIST}",
ORGANISATION = "International Institute for Software
                Technology, United Nations University",
TYPE         = "Research Report",
NUMBER       = "253",
ADDRESS      = "P.O. Box 3058, Macau",
MONTH        = "May",
YEAR         = "2002",
NOTE 	     = "Published as chapter
		  VIII Formalizing UML Class Diagrams of UML and the
		  Unified Process, Liliana Favre (ed.)"}


@Proceedings{lopstr02,
  title =   "{Proceedings: Logic Based Program Synthesis and
    Transformation: 12th International Workshop, LOPSTR 2002}",
  year =   2003,
  editor =  "Michael Leuschel",
  number =  2664,
  series =  "LNCS",
  publisher =  "Springer-Verlag",
  address =  "Madrid, Spain",
  month =  "September",
  annote =  "\CRCS{F.3.1, 001820}"
}
 
@Proceedings{stacs03,
  title =   "{Proceedings: STACS 2003 - 20th Annual Symposium on
    Theoretical Aspects of Computer Science}",
  year =   2003,
  editor =  "Helmut Alt and Michel Habib",
  number =  2607,
  series =  "LNCS",
  publisher =  "Springer-Verlag",
  address =  "Berlin, Germany",
  month =  "February",
  annote =  "\CRCS{F.0, 001821}"
}
 
@Proceedings{fct03,
  title =   "{Proceedings: Fundamentals of Computation Theory -
    14th International Symposium, FCT 2003}",
  year =   2003,
  editor =  "Andrzej Lingas and Bengt J. Nilsson",
  number =  2751,
  series =  "LNCS",
  publisher =  "Springer-Verlag",
  address =      "Malmo, Sweden",
  month =   "August",
  annote =  "\CRCS{F.1, 001822}"
}
 
@Proceedings{ladc03,
  title =   "{Proceedings: Dependable Computing - First
    Latin-American Symposium, LADC 2003}",
  year =   2003,
  editor =  "Rogerio de Lemos and Taisy Silva Weber and Joao
    Batista Camargo Jr.",
  number =  2847,
  series =  "LNCS",
  publisher =  "Springer-Verlag",
  address =  "Sao Paulo, Brazil",
  month =  "October",
  annote =  "\CRCS{D.2, 001823}"
}
 
@Proceedings{icws2003,
  title =   "{Proceedings: Web Services, ICWS-Europe 2003 -
    International Conference ICWS-Europe 2003}",
  year =   2003,
  editor =  "Mario Jeckle and Liang-Jie Zhang",
  number =  2853,
  series =  "LNCS",
  publisher =  "Springer-Verlag",
  address =  "Erfurt Germany",
  month =  "September",
  annote =  "\CRCS{H.4, 001824}"
}
 
@Proceedings{icatpn03,
  title =   "{Proceedings: Applications and Theory of Petri Nets
    2003 - 24th International Conference, ICATPN 2003}",
  year =   2003,
  editor =  "Wil van der Aalst and Eike Best",
  number =  2679,
  series =  "LNCS",
  publisher =  "Springer-Verlag",
  address =  "Eindhoven, The Netherlands",
  month =  "June 2003",
  annote =  "\CRCS{D.2.2, 001825}"
}
 
@Proceedings{sss03,
  title =   "{Proceedings: Self-Stabilizing Systems - 6th
    International Symposium, SSS 2003}",
  year =   2003,
  editor =  "Shing-Tsaan Huang and Ted Hermab",
  number =  2704,
  series =  "LNCS",
  publisher =  "Springer-Verlag",
  address =  "San Francisco, CA, USA",
  annote =  "\CRCS{C.2, 001826}"
}
 
@Proceedings{dsv03,
  title =   "{Proceedings: Interactive Systems - Design,
    Specification, and Verification, DSV-IS 2003}",
  year =   2003,
  editor =  "Joaquim A. Jorge and Nuno Jardim Nunes and Joao
    Falcao e Cunha",
  number =  2844,
  series =  "LNCS",
  publisher =  "Springer-Verlag",
  address =  "Funchal, Madeira Island, Portugal",
  month =  "June",
  annote =  "\CRCS{D.2, 001827}"
}
 
@Proceedings{aichernig02,
  title =   "{Proceedings: UNU/IIST 10th Anniversary Colloquium:
    Formal Methods at the Crossroads, From Panacea to Foundational Support}",
  year =   2003,
  editor =  "Bernhard K. Aichernig and Tom Maibaum",
  number =  2757,
  series =  "LNCS",
  publisher =  "Springer-Verlag",
  organization = "UNU/IIST",
  address =  "Lisbon, Portugal",
  month =  "March",
  annote =  "\CRCS{D.2.2, 001828}"
}
		  
	
@Proceedings{aichernig02,
  title =   "{Proceedings: UNU/IIST 10th Anniversary Colloaquim:
    Formal Methods at the Crossroads, From Panacea to Foundational Support}",
  year =   2003,
  editor =  "Bernhard K. Aichernig and Tom Maibaum",
  number =  2757,
  series =  "LNCS",
  publisher =  "Springer-Verlag",
  organization = "UNU/IIST",
  address =  "Lisbon, Portugal",
  month =  "March",
  annote =  "\CRCS{D.2.2, 001828}"
}	  
 
@Proceedings{fahringer03,
  title =   "{Proceedings: Advanced Symbolic Analysis for
    Compilers: New Techniques and Algorithms for
    Symbolic Program Analysis and Optimization}",
  year =   2003,
  editor =  "Thomas Fahringer and Bernhard Scholz",
  number =  2628,
  series =  "LNCS",
  publisher =  "Springer-Verlag",
  annote =  "\CRCS{D.3.4, 001830}"
}
 
@Proceedings{iswc03,
  title =   "{Proceedings: The Semantic Web, ISWC 2003}",
  year =   2003,
  editor =  "Dieter Fensel and Katia Sycara and John Mylopoulos",
  number =  2870,
  series =  "LNCS",
  publisher =  "Springer-Verlag",
  address =  "Sanibel Island, FL, USA",
  month =  "October",
  annote =  "\CRCS{H.3, 001831}"
}
 
@Proceedings{testcom03,
  title =   "{Proceedings: Testing of Communicating Systems: 15th
    IFIP International Conference, TestCom 2003}",
  year =   2003,
  editor =  "Dieter Hogrefe and Anthony Wiles",
  number =  2644,
  series =  "LNCS",
  publisher =  "Springer-Verlag",
  address =  "Sophia Antipolis, France",
  month =  "May",
  annote =  "\CRCS{D.2.5, 001832}"
}
 
@Proceedings{sem02,
  title =   "{Proceedings: Software Engineering and Middleware:
    Third International Workshop, SEM 2002}",
  year =   2003,
  editor =  "Alberto Coen-Porisini and Andre van der Hoek",
  number =  2596,
  series =  "LNCS",
  publisher =  "Springer-Verlag",
  address =  "Orlando, FL, USA",
  month =  "May",
  annote =  "\CRCS{D.2.10, 001833}"
}
 
@Proceedings{spin03,
  title =   "{Proceedings: Model Checking Software, 10th
    International SPIN Workshop}",
  year =   2003,
  editor =  "Thomas Ball",
  number =  2648,
  series =  "LNCS",
  publisher =  "Springer-Verlag",
  address =  "Portland, OR, USA",
  month =  "May",
  annote =  "\CRCS{D.2.4, 001834}"
}
 
@Proceedings{faabs02,
  title =   "{Proceedings: Formal Approaches to Agent-Based
    Systems, Second International Workshop: FAABS 2002}",
  year =   2003,
  editor =  "Michael G. Hinchey and James L. Rash and Walter
    F. Truszkowski and Christopher Rouff and Diana Gordon-Spears",
  number =  2699,
  series =  "LNAI",
  publisher =  "Springer-Verlag",
  address =  "Greenbelt, MD, USA",
  month =  "October",
  annote =  "\CRCS{D.1.3, 001835}"
}
 
@Proceedings{fmco02,
  title =   "{Proceedings: Formal Methods for Components and
    Objects: First International Symposium, FMCO 2002}",
  year =   2003,
  editor =  "Frank S. de Boer and Marcello M. Bonsangue and
    Susanne Graf and Willem-Paul de Roever",
  number =  2582,
  series =  "LNCS",
  publisher =  "Springer-Verlag",
  address =  "Leiden, The Netherlands",
  month =  "November",
  annote =  "\CRCS{D.2.10, 001836}"
}
 
@Proceedings{sfm03,
  title =   "{Proceedings: Formal Methods for Software
    Architectures: Third International School on Formal
    Methods for the Design of Computer, Communication
    and Software Systems: Software Architectures, SFM 2003}",
  year =   2003,
  editor =  "Marco Bernardo and Paola Inverardi",
  number =  2804,
  series =  "LNCS",
  publisher =  "Springer-Verlag",
  address =  "Bertinoro, Italy",
  month =  "September",
  annote =  "\CRCS{D.2.10, 001837}"
}
 
@Book{hansen04,
  author =   "Chao Chen Zhou and Michael R. Hansen",
  title =   "{Duration Calculus - A Formal Approach to Real-Time Systems}",
  publisher =   "Springer-Verlag",
  year =   2004,
  annote =  "\CRCS{D.2.1, 001838}"
}
 
@Book{chaochen04,
  author =   "Chao Chen Zhou and Michael R. Hansen",
  title =   "{Duration Calculus - A Formal Approach to Real-Time Systems}",
  publisher =   "Springer-Verlag",
  year =   2004,
  annote =  "\CRCS{D.2.1, 001839}"
}
 
@Proceedings{par03,
  title =   "{Proceedings: Euro-Par 2003: Parallel Processing,
    9th International Euro-Par Conference}",
  year =   2003,
  editor =  "Herald Kosch and Laszlo Boszormenyi and Hermann Hellwagner",
  number =  2790,
  series =  "LNCS",
  publisher =  "Springer-Verlag",
  address =  "Klagenfurt, Austria",
  month =  "August",
  annote =  "\CRCS{D.1.3, 001840}"
}
 
@Book{koscielny04,
  author =   "J. Korbicz and J.M. Koscielny and Z. Kowalczuk and
    W. Cholewa",
  title =   "{Fault Diagnosis: Models, Artificial Intelligence, Applications}",
  publisher =   "Springer-Verlag",
  year =   2004,
  annote =  "\CRCS{D.2.5, 001841}"
}
 
@Proceedings{eurocrypt03,
  title =   "{Proceedings: Advances in Cryptology - EUROCRYPT
    2003, International Conference on the Thoery and
    Applications of Cryptographic Techniques}",
  year =   2003,
  editor =  "Eli Biham",
  number =  2656,
  series =  "LNCS",
  publisher =  "Springer-Verlag",
  address =  "Warwaw, Poland",
  month =  "May",
  annote =  "\CRCS{E.3, 001842}"
}
 
@Proceedings{typew02,
  title =   "{Proceedings: Types for Proofs and Programs:
    International Workshop, Types 2002}",
  year =   2003,
  editor =  "Herman Geuvers and Wiedijk",
  number =  2646,
  series =  "LNCS",
  publisher =  "Springer-Verlag",
  address =  "Berg en Dal, The Netherlands",
  month =  "April",
  annote =  "\CRCS{F.3.1, 001843}"
}
 
@Proceedings{concur03,
  title =   "{Proceedings: CONCUR 2003 - Concurrency Theory}",
  year =   2003,
  editor =  "Roberto Amadio and Denis Lugiez",
  number =  2761,
  series =  "LNCS",
  publisher =  "Springer-Verlag",
  address =  "Marseille, France",
  month =  "September",
  annote =  "\CRCS{D.1.3, 001844}"
}
 
@Proceedings{sas03,
  title =   "{Proceedings: Static Analysis, 10th International
    Symposium: SAS 2003}",
  year =   2003,
  editor =  "Radhia Cousot",
  number =  2694,
  series =  "LNCS",
  publisher =  "Springer-Verlag",
  address =  "San Diego, CA, USA",
  month =  "June",
  annote =  "\CRCS{D.3.3, 001845}"
}
 
@Proceedings{fme03,
  title =   "{Proceedings - FME 2003: Formal Methods:
    International Symposium of Formal Methods Europe}",
  year =   2003,
  editor =  "Keijiro Araki and Stefania Gnesi and Dino Mandrioli",
  number =  2805,
  series =  "LNCS",
  publisher =  "Springer-Verlag",
  address =  "Pisa, Italy",
  month =  "September",
  annote =  "\CRCS{D.2.2, 001847}"
}
 
   
@Book{weinert03,
  author =   "H.-P. Schwefel and I. Wegnener and K. Weinert",
  title =   "{Advances in Computational Intelligence: Theory and Practice}",
  publisher =   "Springer-Verlag",
  year =   2003,
  series =  "Natural Computing Series",
  annote =   "\CRCS{I.2, 001848}"
}
 
@Book{clocksin03,
  author =   "William F. Clocksin and Christopher S. Mellish",
  title =   "{Programming in Prolog: Using the ISO Standard}",
  publisher =   "Springer-Verlag",
  year =   2003,
  edition =  "Fifth",
  annote =  "\CRCS{D.1.6, 001849}"
}
 
@Book{luck04,
  author =   "Mark d'Inverno and Michael Luck",
  title =   "{Understanding Agent Systems}",
  publisher =   "Springer-Verlag",
  year =   2004,
  edition =  "Second",
  annote =  "\CRCS{D.2.10, 001850}"
}
 
@Proceedings{forte03,
  title =   "{Proceedings: Formal Techniques for Networked and
    Distributed Systems, FORTE 2003: 23rd IFIP WG 6.1
    International Conference}",
  year =   2003,
  editor =  "Hartmut Konig and Monika Heiner and Adam Wolisz",
  number =   2767,
  series =  "LNCS",
  publisher =  "Springer-Verlag",
  address =  "Berlin, Germany",
  month =  "September/October",
  annote =  "\CRCS{D.2.2, 001851}"
}
 
@Proceedings{scopes03,
  title =   "{Proceedings: Software and Compilers for Embedded
    Systems: 7th International Workshop, SCOPES 2003}",
  year =   2003,
  editor =  "Andread Krall",
  number =  2826,
  series =  "LNCS",
  publisher =  "Springer-Verlag",
  address =  "Vienna, Austria",
  month =  "September",
  annote =  "\CRCS{D.2.10, 001852}"
}
 
@Proceedings{ams03,
  title =   "{Proceedings: Abstract State Machines 2003: Advances
    in Theory and Practice: 10th International Workshop,
    ASM 2003}",
  year =   2003,
  editor =  "Egon Borger and Angelo Gargantini and Elvinia Riccobene",
  number =  2589,
  series =  "LNCS",
  publisher =  "Springer-Verlag",
  address =  "Taormina, Italy",
  month =  "March",
  annote =  "\CRCS{D.2.2, 001853}"
}
 
@Book{beck03,
  author =   "Kent Beck",
  title =   "{Test--Driven Development: By Example}",
  publisher =   "Addison-Wesley",
  year =   2003,
  series =  "The Addison Wesley Signature Series",
  annote =  "\CRCS{D.2.5, 001854}"
}
 
@Book{feghhi99,
  author =   "Jalal Feghhi and Jalil Feghhi and Peter Williams",
  title =   "{Digital Certificates: Applied Internet Security}",
  publisher =   "Addison-Wesley",
  year =   1999,
  note =  "Foreword by Peter T. Kirstein",
  annote =  "\CRCS{D.4.6, 001855}, {\CD}"
}
 
@Proceedings{safecomp03,
  title =   "{Proceedings: Computer Safety, Reliability, and
    Security: 22nd International Conference, SAFECOMP 2003}",
  year =   2003,
  editor =  "Stuart Anderson and Massimo Felici and Bev Littlewood",
  number =  2788,
  series =  "LNCS",
  publisher =  "Springer-Verlag",
  address =  "Edinburgh, UK",
  month =  "September",
  annote =  "\CRCS{D.2.6, 001856}"
}
 
@Book{valk03,
  author =   "Claude Girault and Rudiger Valk",
  title =   "{Petri Nets for Systems Engineering: A Guide to
    Modeling, Verification, and Applications}",
  publisher =   "Springer-Verlag",
  year =   2003,
  annote =  "\CRCS{D.2.2, 001857}"
}
 
@Book{borowik03,
  author =   "Leonard Bolc and Piotr Borowik",
  title =   "{Many-Valued Logics 2: Automated Reasoning and
    Practical Applications}",
  publisher =   "Springer-Verlag",
  year =   2003,
  annote =  "\CRCS{F.4.1, 001858}"
}
 
@Proceedings{tphols03,
  title =   "{Proceedings: Theorem Proving in Higher Order
    Logics: 16th International Conference, TPHOLs 2003}",
  year =   2003,
  editor =  "David Basin and Burkhart Wolff",
  number =  2758,
  series =  "LNCS",
  publisher =  "Springer-Verlag",
  address =  "Rome, Italy",
  month =  "September",
  annote =  "\CRCS{F.4.1, 001859}"
}
   
@Book{jech03,
  author =   "Thomas Jech",
  title =   "{Set Theory: The Third Millennium Edition, Revised
    and Explanded}",
  publisher =   "Springer-Verlag",
  year =   2003,
  series =  "Springer Monographs in Mathematics Series",
  annote =  "\CRCS{G.2.3, 001860}"
}
 
@Proceedings{etaps03,
  title =   "{Proceedings: Programming Languages and Systems:
    12th European Symposium on Programming, ESOP 2003}",
  year =   2003,
  editor =  "Pierpaolo Degano",
  number =  2618,
  series =  "LNCS",
  publisher =  "Springer-Verlag",
  address =  "Warsaw, Poland",
  month =  "April",
  note =  "Held as Part of the Joint European Conferences on
    Theory and Practice of Software, ETAPS 2003",
  annote =  "\CRCS{D.3, 001861}"
}
 
@Proceedings{iccbss03,
  title =   "{Proceedings: COTS-Based Software Systems: Second
    International Conference, ICCBSS 2003}",
  year =   2003,
  editor =  "Hakan Erdogmus and Tao Weng",
  number =  2580,
  series =  "LNCS",
  publisher =  "Springer-Verlag",
  address =  "Ottawa, Canada",
  month =  "February",
  annote =  "\CRCS{D.2, 001862}"
}
 
@Book{monin03,
  author =   "Jean-Francois Monin",
  title =   "{Understanding Formal Methods}",
  publisher =   "Springer-Verlag",
  year =   2003,
  annote =  "\CRCS{D.2.2, 001863}"
}
 
@Book{lindell03,
  author =   "Yehuda Lindell",
  title =   "{Composition of Secure Multi-Party Protocols: A
    Comprehensive Study}",
  publisher =   "Springer-Verlag",
  year =   2003,
  number =  2815,
  series =  "LNCS",
  annote =  "\CRCS{D.4.6, 001864}"
}
 
@Proceedings{aose02,
  title =   "{Proceedings: Agent-Oriented Software Engineering III: Third
    International Workshop, AOSE 2002}",
  year =   2003,
  editor =  "Fausto Giunchiglia and James Odell and Gerhard WeiB",
  number =  2585,
  series =  "LNCS",
  publisher =  "Springer-Verlag",
  address =  "Bologna, Italy",
  month =  "July",
  note =  "State-of-the-Art Survey",
  annote =  "\CRCS{D.2, 001865}"
}
 
@Proceedings{node02,
  title =   "{Proceedings: Objects, Components, Architectures,
    Services, and Applications for a Networked World,
    International Conference NetObjectDays, NODe 2002}",
  year =   2003,
  editor =  "Mehmet Aksit and Mira Mezini and Rainer Unland",
  number =  2591,
  series =  "LNCS",
  publisher =  "Springer-Verlag",
  address =  "Erfurt, Germany",
  month =  "October",
  annote =  "\CRCS{D.2.0, 001866}"
}
 
@Proceedings{emsoft03,
  title =   "{Proceedings: Embedded Software, Third International
    Conference, EMSOFT 2003}",
  year =   2003,
  editor =  "Rajeev Alur and Insup Lee",
  number =  2855,
  series =  "LNCS",
  publisher =  "Springer-Verlag",
  address =  "Philadelphia, PA, USA",
  month =  "October",
  annote =  "\CRCS{D.2.10, 001867}"
}
 
@Book{hirvensalo04,
  author =   "Mika Hirvensalo",
  title =   "{Quantum Computing}",
  publisher =   "Springer-Verlag",
  year =   2004,
  series =  "Natural Computing Series",
  edition =  "Second",
  annote =  "\CRCS{F.1.1, 001868}"
}
 
@Proceedings{icfem03,
  title =   "{Proceedings: Formal Methods and Software
    Engineering, 5th International Conference on Formal
    Engineering Methods, ICFEM 2003}",
  year =   2003,
  editor =  "Jin Song Dong and Jim Woodcock",
  number =  2885,
  series =  "LNCS",
  publisher =  "Springer-Verlag",
  address =  "Singapore",
  month =  "November",
  annote =  "\CRCS{D.2.0, 001869}"
}
 
@Proceedings{fossacs03,
  title =   "{Proceedings: Foundations of Software Science and
    Computation Structures, 6th International
    Conference, FOSSACS 2003}",
  year =   2003,
  editor =  "Andrew D. Gordon",
  number =  2620,
  series =  "LNCS",
  publisher =  "Springer-Verlag",
  address =  "Warsaw, Poland",
  month =  "April",
  note =  "Held as Part of the Joint European Conferences on
    Theory and Practice of Software, ETAPS 2003",
  annote =  "\CRCS{F.3, 001870}"
}
 
@Book{hromkovic04,
  author =   "Juraj Hromkovic",
  title =   "{Theoretical Computer Science: Introduction to
    Automata, Computability, Complexity, Algorithmics,
    Randomization, Communication, and Cryptography}",
  publisher =   "Springer-Verlag",
  year =   2004,
  annote =  "\CRCS{F.0, 001871}"
}
 
@Proceedings{ecoop03,
  title =   "{Proceedings: ECOOP 2003 - Object-Oriented
    Programming, 17th European Conference}",
  year =   2003,
  editor =  "Luca Cardelli",
  number =  2743,
  series =  "LNCS",
  publisher =  "Springer-Verlag",
  address =  "Darmstadt, Germany",
  month =  "July",
  annote =  "\CRCS{D.1.5, 001872}"
}
 
@Proceedings{cc03,
  title =   "{Proceedings: Compiler Construction: 12th
    International Conference, CC 2003}",
  year =   2003,
  editor =  "Gorel Hedin",
  number =  2622,
  series =  "LNCS",
  publisher =  "Springer-Verlag",
  address =  "Warsaw, Poland",
  month =  "April",
  note =  "Held as Part of the Joint European Conferences on
    Theory and Practice of Software, ETAPS 2003",
  annote =  "\CRCS{D.3.4, 001873}"
}
 
@Proceedings{tacas03,
  title =   "{Proceedings: Tools and Algorithms for the
    Construction and Analysis of Systems: 9th
    International Conference, TACAS 2003}",
  year =   2003,
  editor =  "Hubert Garavel and John Hatcliff",
  number =  2619,
  series =  "LNCS",
  publisher =  "Springer-Verlag",
  address =  "Warsaw, Poland",
  month =  "April",
  note =  "Held as Part of the Joint European Conferences on
    Theory and Practice of Software, ETAPS 2003",
  annote =  "\CRCS{D.2.2, 001874}"
}
 
@Book{schneider04,
  author =   "Klaus Schneider",
  title =   "{Verification of Reactive Systems: Formal Methods
    and Algorithms}",
  publisher =   "Springer-Verlag",
  year =   2004,
  annote =  "\CRCS{D.2.4, 001875}"
}
 
@Book{rashid04,
  author =   "Awais Rashid",
  title =   "{Aspect-Oriented Database Systems}",
  publisher =   "Springer-Verlag",
  year =   2004,
  annote =  "\CRCS{D.1.5, 001876}"
}
 
@Book{rougemont04,
  author =   "Richard Lassaigne and Michel de Rougemont",
  title =   "{Logic and Complexity}",
  publisher =   "Springer-Verlag",
  year =   2004,
  series =  "Discrete Mathematics and Theoretical Computer
    Science Series",
  annote =  "\CRCS{D.2.4, 001877}"
}
 
@Book{fellenstein04,
  author =   "Joshy Joseph and Craig Fellenstein",
  title =   "{Grid Computing}",
  publisher =   "Prentice Hall",
  year =   2004,
  series =  "On Demand Series",
  annote =  "\CRCS{H.1, 001878}"
}
 
  
		  
		  
		%%  ---------------
		  

@techreport{UNUIIST:1, 
AUTHOR = "Dines Bj{\o}rner", 
TITLE        = "{UNU/IIST Programme}", 
TYPE         = "Administrative Report,",
INSTITUTION  ="{\sf UNU/IIST}", 
ORGANISATION = "International Institute for Software
                Technology, United Nations University",
ADDRESS      = "P.O.Box 3058, Macau",
MONTH        = "February 19",
NUMBER       = "1",
YEAR         = "1993",
NOTE         = "\BREAK Presents the co-ordinates along, and principles
                according to which
                {\sf UNU/IIST} will select and pursue its Programmatic
                Activities the next couple of years"}

@techreport{UNUIIST:2,
AUTHOR       = "Dines Bj{\o}rner",
TITLE        = "{1992 Annual Report}",
TYPE         = "Administrative Report",
INSTITUTION  = "{\sf UNU/IIST}",
ORGANISATION = "International Institute for Software
                Technology, United Nations University",
ADDRESS      = "P.O.Box 3058, Macau",
MONTH        = "January",
NUMBER       = "2",
YEAR         = "1993",
NOTE         = "\BREAK 
                Reports on the status of {\sf UNU/IIST} and its
                activities after the first 6 months of operation"}

@techreport{UNUIIST:3,
AUTHOR       = "Chao Chen Zhou (ed.)",
TITLE        = "{Duration Calculus}",
TYPE         = "Compendium,",
INSTITUTION  = "{\sf UNU/IIST}",
ORGANISATION = "International Institute for Software
                Technology, United Nations University",
ADDRESS      = "P.O.Box 3058, Macau",
MONTH        = "March",
NUMBER       = "3",
YEAR         = "1993",
NOTE         = "
\begin{itemize}
\item[(a)] Chao Chen Zhou, C.A.R. Hoare, and A.P. Ravn.
  A Calculus of Durations.
  ProCoS Research Report, {\sf ID/DTH}, Bldg. 344, DK-2800 Lyngby,
  Denmark, June 1991, Revised June, 1992.
  Published in: {\sl Information Processing Letters,} 40, 5,
  pp. 269-276, 1991. 
\item[(b)] Zhiming Liu, A.P. Ravn, E.V. S{\o}rensen, Chao Chen Zhou:
  A Probabilistic Duration Calculus, {\em presented in the 2nd
  Intl. Workshop on  Responsive Computer Systems, Saitama, Japan,}
  Oct. 1-2, 1992, published in H. Kopetz and Y. Kakuda (eds),
  {\em Dependable Computing and Fault-Tolerant Systems Vol. 7 : Responsive
  Computer Systems}, pp 30-52. Springer-Verlag, 1993.
\item[(c)] M.R. Hansen and Chao Chen Zhou.
  Semantics and Completeness of Duration Calculus,.
  ProCoS Research Report, {\sf ID/DTH}, Bldg. 344, DK-2800 Lyngby,
  Denmark, 1992.
  Published in: J.W. de Bakker, C. Huizing, W.-P. de Roever, G.
  Rozenberg, (Eds) {\sl Real-Time: Theory in Practice,} REX Workshop, LNCS 600,
  pp 209-225, 1992.
\item[(d)] J.U.~Skakkeb\ae k and A.P.~Ravn, H.~Rischel, and Chao Chen Zhou.
  Specification of Embedded Real-time Systems.
  ProCoS Research Report, {\sf ID/DTH}, Bldg. 344, DK-2800 Lyngby,
  Denmark, June 1992.
  Published in: {\sl Proceedings 4th Euromicro Workshop on Real-Time
  Systems,} IEEE Press, pp 116-121, June 1992.
\item[(e)] Chao Chen Zhou, M.R. Hansen, A.P. Ravn, and H.~Rischel.
  Duration Specifications for Shared Processors.
  Research Report, {\sf ID/DTH}, Bldg. 344, DK-2800 Lyngby, Denmark,
  October 1991.
  Published in: {\sl Proceedings of the Symposium on 
  Formal Techniques in Real-Time and Fault-Tolerant Systems}, Niijmegen,
  January 1992, {\sf LNCS 571}, pp 21-32, 1992.
\item[(f)] M.R. Hansen, Chao Chen Zhou, and J.~Staunstrup.
  A Real-time Duration Semantics for Circuits.
  Research Report, {\sf ID/DTH}, Bldg. 344, DK-2800 Lyngby, Denmark,
  March 1992.
  Published in: {\sl Proceedings of the Workshop on 
  Timing Issues in the Specification and Synthesis of Digital Systems},
  Princeton, March 1992.
\item[(g)] Chao Chen Zhou, A.P. Ravn, and M.R. Hansen.
  An Extended Duration Calculus for Hybrid Real-time
  Systems.
  ProCoS Research Report, {\sf ID/DTH}, Bldg. 344, DK-2800 Lyngby,
  Denmark, October 1992. (Revised version available as \unuiist\ Report 9.)
  Published in {\sl Hybrid Systems}, LNCS 736, Springer Verlag, 1993.
\item[(h)] Zhiming Liu, A.P. Ravn, E.V. S{\o}rensen, Chao Chen Zhou.
  Towards a Calculus of Systems Dependability, 
  Presented at {\sl Workshop on Theory of Hybrid Systems}, 
  Lyngby, Denmark, 19-20 October 1992. Published in the
  Journal of High Integrity Systems, Vol.1, No.1,1994, pp 49--65.
\item[(i)] Chao Chen Zhou, M.R. Hansen, P. Sestoft: Decidability and
  Undecidability Results for Duration Calculus, {\em Proc. of
  STACS'93, 10th Symposium on Theoretical Aspects of Computer Science},
  W{\"{u}}rzburg, LNCS 665, pp 58-68, Feb. 1993
\end{itemize}"}
		  
@techreport{UNUIIST:4,
AUTHOR       = "Dines Bj{\o}rner (ed.)",
TITLE        = "{Issues and Techniques in Rigorous
                Development of Software, Technology
                Transfer and Education ---
                Selected 1992 Papers}",
TYPE         = "Compendium,",
INSTITUTION  = "{\sf UNU/IIST}",
ORGANISATION = "International Institute for Software
                Technology, United Nations University",
ADDRESS      = "P.O.Box 3058, Macau",
MONTH        = "March",
NUMBER       = "4",
YEAR         = "1993",
NOTE         = "\BREAK\
                This is a compendium of 4 papers:
\begin{itemize}
\item[(a)] Dines Bj{\o}rner.
  Trustworthy Computing Systems: The {\sf ProCoS} Experience,
  February, 1992.
  Published in: {\sl 14th International Conf. on Software Engineering,}
  Melbourne, Australia, May 11-15, 1992, pp. 15--34.
\item[(b)] Dines Bj{\o}rner and J{\o}rgen~Fischer Nilsson.
  Algorithmic \& Knowledge Based Me\-{thods} --- Do they
  ``Unify''?
  Published in: {\sl International Conf. on Fifth Generation Computer
  Systems: FGCS'92,} Tokyo, June 1--5, 1992 (separate folder, pp. 191--198).
\item[(c)] Dines Bj{\o}rner.
  From Research to Practice: Self-reliance of the Developing
  World through Software Technology --- Usage, Education \&
  Training.
  Published in: IFIP Transaction, IFIP World Congress '92,
  Madrid, September 7--11, 1992, pp. 65--71.
\item[(d)] Dines Bj{\o}rner.
  A R{\^o}le for \unuiist: Developing Countries' Access to
  New Information Technologies.
  Presented at: {\sl Access to Science and Technology, The
  R{\^o}le of Information Technology},\ Kyoto University and UNU Symp., Kyoto,
  May 12--14, 1992
\end{itemize}"}


@techreport{apa-UNUIIST:5,
AUTHOR       = "Chao Chen Zhou and Xiaoshan Li",
TITLE        = "{A Mean Value Duration Calculus}",
TYPE         = "Research Report",
INSTITUTION  = "{\sf UNU/IIST}",
ORGANISATION = "International Institute for Software
                Technology, United Nations University",
ADDRESS      = "P.O.Box 3058, Macau",
MONTH        = "March",
NUMBER       = "5",
YEAR         = "1993",
NOTE         = "\BREAK\ Published as Chapter 25 in {\sl A Classical Mind},
                Festschrift for C.A.R.\ Hoare, Prentice-Hall International, 
                1994, pp 432--451"}

@techreport{UNUIIST:5,
AUTHOR       = "Chao Chen Zhou and Li Xiaoshan",
TITLE        = "{A Mean Value Duration Calculus}",
TYPE         = "Research Report",
INSTITUTION  = "{\sf UNU/IIST}",
ORGANISATION = "International Institute for Software
                Technology, United Nations University",
ADDRESS      = "P.O.Box 3058, Macau",
MONTH        = "March",
NUMBER       = "5",
YEAR         = "1993",
NOTE         = "\BREAK\ Published as Chapter 25 in {\sl A Classical Mind},
                Festschrift for C.A.R.\ Hoare, Prentice-Hall International, 
                1994, pp 432--451"}

@techreport{UNUIIST:6,
AUTHOR       = "Dines Bj{\o}rner",
TITLE        = "{Formal Models of Robots: Geometry \& Kinematics}",
TYPE         = "Research Report",
INSTITUTION  = "{\sf UNU/IIST}",
ORGANISATION = "International Institute for Software
                Technology, United Nations University",
ADDRESS      = "P.O.Box 3058, Macau",
MONTH        = "March 15",
NUMBER       = "6",
YEAR         = "1993",
NOTE         = "\BREAK\ For abbreviated version see 
                Chapter 3 in {\sl A Classical Mind},
                Festschrift for C.A.R.\ Hoare, Prentice-Hall International, 
                Publ., 1994, pp 37--58"}


@techreport{UNUIIST:7,
AUTHOR       = "Dines Bj{\o}rner",
TITLE        = "{University Curricula in Software Technology}",
TYPE         = "Technical Report",
INSTITUTION  = "{\sf UNU/IIST}",
ORGANISATION = "International Institute for Software
                Technology, United Nations University",
ADDRESS      = "P.O.Box 3058, Macau",
MONTH        = "March 15",
NUMBER       = "7",
YEAR         = "1993",
NOTE         = "\BREAK\ Keynote address: IFIP TC3 WG3.4/SRIG-ET (SEARCC) 
                International Working Conference 1993: {\sl Software
                Engineering Education}, Hong Kong,
                September 28 -- October 2, 1993"}


@techreport{UNUIIST:8,
AUTHOR       = "Oliver Corff",
TITLE        = "{Mongolian Language Support --- a Mongolian
                Language Environment for IBM-compatible PCs}",
TYPE         = "Research Report",
INSTITUTION  = "Institute of Language and Literature",
ORGANISATION = "Mongolian Academy of Science",
ADDRESS      = "Ulaanbaatar, Mongolia",
MONTH        = "Fall",
NUMBER       = "8",
YEAR         = "1992",
NOTE         = "\BREAK\ {\sf UNU/IIST} has kindly been permitted to print and
                distribute this Research report"}


@techreport{UNUIIST:9,
AUTHOR       = "Chao Chen Zhou and Anders P. Ravn and
                Michael R.\ Hansen",
TITLE        = "{An Extended Duration Calculus for
                Real-time Systems}",
INSTITUTION  = "{\sf UNU/IIST}",
ORGANIZATION = "International Institute for Software
                Technology, United Nations University",
ADDRESS      = "P.O.Box 3058, Macau",
TYPE         = "Research Report",
NUMBER       = "9",
MONTH        = "January",
YEAR         = "1993",
NOTE         = "\BREAK\ Published in: {\sl Hybrid Systems}, LNCS 736, 1993"}

@techreport{apaUNUIIST:9,
AUTHOR       = "Chao Chen Zhou  and Anders P. Ravn and
                Michael R.\ Hansen",
TITLE        = "{An Extended Duration Calculus for
                Real-time Systems}",
INSTITUTION  = "{\sf UNU/IIST}",
ORGANIZATION = "International Institute for Software
                Technology, United Nations University",
ADDRESS      = "P.O.Box 3058, Macau",
TYPE         = "Research Report",
NUMBER       = "9",
MONTH        = "January",
YEAR         = "1993",
NOTE         = "\BREAK\ Published in: {\sl Hybrid Systems}, LNCS 736, 1993"}

@techreport{apaUNUIIST:10,
AUTHOR       = "Chao Chen Zhou",
TITLE        = "{Duration Calculi: An Overview}",
INSTITUTION  = "{\sf UNU/IIST}",
ORGANIZATION = "International Institute for Software
                Technology, United Nations University",
ADDRESS      = "P.O.Box 3058, Macau",
TYPE         = "Research Report",
NUMBER       = "10",
MONTH        = "June",
YEAR         = "1993",
NOTE         = "\BREAK\ Published in: {\sl 
                Formal Methods in Programming and Their Applications,\/}
                Conference Proceedings, June 28 -- July 2, 1993,
                Novosibirsk, Russia;
                (Eds.: D.\ Bj{\o}rner, M.\ Broy and
                 I.\ Pottosin) LNCS 736, Springer-Verlag, 1993, pp
		  36--59"}


@techreport{UNUIIST:10,
AUTHOR       = "Chao Chen Zhou",
TITLE        = "{Duration Calculi: An Overview}",
INSTITUTION  = "{\sf UNU/IIST}",
ORGANIZATION = "International Institute for Software
                Technology, United Nations University",
ADDRESS      = "P.O.Box 3058, Macau",
TYPE         = "Research Report",
NUMBER       = "10",
MONTH        = "June",
YEAR         = "1993",
NOTE         = "\BREAK\ Published in: {\sl 
                Formal Methods in Programming and Their Applications,\/}
                Conference Proceedings, June 28 -- July 2, 1993,
                Novosibirsk, Russia;
                (Eds.: D.\ Bj{\o}rner, M.\ Broy and
                 I.\ Pottosin) LNCS 736, Springer-Verlag, 1993, pp
		  36--59"}

@techreport{UNUIIST:11,
AUTHOR       = "Chao Chen Zhou and Zhang Jingzhong and Yang Lu and Li Xiaoshan",
TITLE        = "{Linear Duration Invariants}",
INSTITUTION  = "{\sf UNU/IIST}",
ORGANIZATION = "International Institute for Software
                Technology, United Nations University",
ADDRESS      = "P.O.Box 3058, Macau",
TYPE         = "Research Report",
NUMBER       = "11",
MONTH        = "July",
YEAR         = "1993",
NOTE         = "\BREAK\ Published in: {Formal Techniques in Real-Time and
		  Fault-Tolerant systems}, LNCS 863, 1994"} 
		  
@techreport{UNUIIST:12,
AUTHOR       = "Dines Bj{\o}rner",
TITLE        = "{Prospects for a Viable Software Industry ---
                Enterprise Models, Design Calculi, and
                Reusable Modules}",
INSTITUTION  = "{\sf UNU/IIST}",
ORGANIZATION = "International Institute for Software
                Technology, United Nations University",
ADDRESS      = "P.O.Box 3058, Macau",
TYPE         = "Technical Report",
NUMBER       = "12",
MONTH        = "7 November",
YEAR         = "1993",
NOTE         = "\BREAK Appendix --- on a railway domain model ---
                by S{\o}ren Prehn and Dong Yulin,\\
                Published in {\sl Proceedings from first ACM Japan 
                Chapter Conference}, March 7--9, 1994: World
                Scientific Publ., Singapore, 1994."}

@techreport{UNUIIST:13,
AUTHOR       = "Chao Chen Zhou and Michael R.\ Hansen",
TITLE        = "{Lecture Notes on Logical Foundations for the
                Duration Calculus}",
INSTITUTION  = "{\sf UNU/IIST}",
ORGANIZATION = "International Institute for Software
                Technology, United Nations University",
ADDRESS      = "P.O.Box 3058, Macau",
TYPE         = "Lecture Notes,",
NUMBER       = "13",
MONTH        = "August",
YEAR         = "1993",
NOTE         = ""}

@techreport{UNUIIST:14,
AUTHOR       = "Dines Bj{\o}rner",
TITLE        = "{Accreditation, Licensing and Certification;
                Curricula, Engineers and Software}",
INSTITUTION  = "{\sf UNU/IIST}",
ORGANIZATION = "International Institute for Software
                Technology, United Nations University",
ADDRESS      = "P.O.Box 3058, Macau",
TYPE         = "Technical Report",
NUMBER       = "14",
MONTH        = "7 November 1993",
YEAR         = "1993, Revised 8 December 1993",
NOTE         = "\BREAK Presented at the {\sl UNIDO/COGIT Meeting}, Vienna,
                Austria, November 23, 1993"}

@techreport{UNUIIST:15,
AUTHOR       = "Michael R.\ Hansen and Pandya Paritosh and Chao Chen Zhou",
TITLE        = "{Finite Divergence}",
INSTITUTION  = "{\sf UNU/IIST}",
ORGANIZATION = "International Institute for Software
                Technology, United Nations University",
ADDRESS      = "P.O.Box 3058, Macau",
TYPE         = "Research Report",
NUMBER       = "15",
MONTH        = "10 November",
YEAR         = "1993",
NOTE         = "\BREAK Published in {\em Theoretical Computer Science}
		  Vol.138, pp 113-139, 1995"}
		  
@techreport{UNUIIST:16,
AUTHOR       = "Zheng Yuhua and Chao Chen Zhou",
TITLE        = "{A Formal Proof of a Deadline Driven Scheduler}",
INSTITUTION  = "{\sf UNU/IIST}",
ORGANIZATION = "International Institute for Software
                Technology, United Nations University",
ADDRESS      = "P.O.Box 3058, Macau",
TYPE         = "Research Report",
NUMBER       = "16",
MONTH        = "1.\ April",
YEAR         = "1994",
NOTE         = "Published in: {\sl Formal Techniques in Real-Time and
		  Fault-Tolerant Systems}, LNCS 863, 1994,
		  pp. 756--775"}
		  
@techreport{UNUIIST:17,
AUTHOR       = "Dines Bj{\o}rner and Jan Goossenaerts and S{\o}ren Prehn",
TITLE        = "{Enterprise Modelling}",
INSTITUTION  = "{\sf UNU/IIST}",
ORGANIZATION = "International Institute for Software
                Technology, United Nations University",
ADDRESS      = "P.O.Box 3058, Macau",
TYPE         = "Technical Report",
NUMBER       = "17",
MONTH        = "June",
YEAR         = "1994",
NOTE         = ""}

@techreport{UNUIIST:18,
AUTHOR       = "Dines Bj{\o}rner",
TITLE        = "{Annual Report: 1993}",
INSTITUTION  = "{\sf UNU/IIST}",
ORGANIZATION = "International Institute for Software
                Technology, United Nations University",
ADDRESS      = "P.O.Box 3058, Macau",
TYPE         = "Administrative Report",
NUMBER       = "18",
MONTH        = "1.\ January",
YEAR         = "1994",
NOTE         = ""}

@techreport{UNUIIST:19,
AUTHOR       = "Yu Xinyao and Wang Ji and Chao Chen Zhou and
Paritosh K. Pandya",
TITLE        = "{Specification of an Adaptive Control System}",
INSTITUTION  = "{\sf UNU/IIST}",
ORGANIZATION = "International Institute for Software
                Technology, United Nations University",
ADDRESS      = "P.O.Box 3058, Macau",
TYPE         = "Research Report",
NUMBER       = "19",
MONTH        = "1.\ April",
YEAR         = "1994",
NOTE         = "\BREAK Published in: {\sl Formal Techniques in Real-Time and
		  Fault-Tolerant systems}, LNCS 863, 1994,
		  pp. 738--755"}
		  
@techreport{apaUNUIIST:19,
AUTHOR       = "Xinyao Yu  and Ji Wang  and Chao Chen Zhou and
Paritosh K. Pandya",
TITLE        = "{Specification of an Adaptive Control System}",
INSTITUTION  = "{\sf UNU/IIST}",
ORGANIZATION = "International Institute for Software
                Technology, United Nations University",
ADDRESS      = "P.O.Box 3058, Macau",
TYPE         = "Research Report",
NUMBER       = "19",
MONTH        = "1.\ April",
YEAR         = "1994",
NOTE         = "\BREAK Published in: {\sl Formal Techniques in Real-Time and
		  Fault-Tolerant systems}, LNCS 863, 1994,
		  pp. 738--755"}
		  
@techreport{UNUIIST:20,
AUTHOR       = "Ji Wang and XinYao Yu and Chao Chen Zhou",
TITLE        = "{Hybrid Refinement}",
INSTITUTION  = "{\sf UNU/IIST}",
ORGANIZATION = "International Institute for Software
                Technology, United Nations University",
ADDRESS      = "P.O.Box 3058, Macau",
TYPE         = "Research Report",
NUMBER       = "20",
MONTH        = "1.\ April",
YEAR         = "1994",
NOTE         =""} 

@techreport{apaUNUIIST:20,
AUTHOR       = "Ji Wang and XinYao Yu and Chao Chen Zhou",
TITLE        = "{Hybrid Refinement}",
INSTITUTION  = "{\sf UNU/IIST}",
ORGANIZATION = "International Institute for Software
                Technology, United Nations University",
ADDRESS      = "P.O.Box 3058, Macau",
TYPE         = "Research Report",
NUMBER       = "20",
MONTH        = "1.\ April",
YEAR         = "1994",
NOTE         =""} 

@techreport{UNUIIST:21,
AUTHOR       = "HuiQun Yu and Paritosh K.\ Pandya
                and YongQiang Sun",
TITLE        = "{A Calculus of Sampled Data Systems}",
INSTITUTION  = "{\sf UNU/IIST}",
ORGANIZATION = "International Institute for Software
                Technology, United Nations University",
ADDRESS      = "P.O.Box 3058, Macau",
TYPE         = "Research Report",
NUMBER       = "21",
MONTH        = "1.\ April",
YEAR         = "1994", 
NOTE         = "\BREAK Published in: {\sl Formal Techniques in Real-Time and
		  Fault-Tolerant systems}, LNCS 863, 1994,
		  pp. 716--737"} 

@techreport{UNUIIST:22,
AUTHOR       = "Dines Bj{\o}rner",
TITLE        = "{Annual Report, 1994}",
INSTITUTION  = "{\sf UNU/IIST}",
ORGANIZATION = "International Institute for Software
                Technology, United Nations University",
ADDRESS      = "P.O.Box 3058, Macau",
TYPE         = "Research Report",
NUMBER       = "22",
MONTH        = "1.\ January",
YEAR         = "1995", 
NOTE         = ""}

@techreport{UNUIIST:23,
AUTHOR       = "Dines Bj{\o}rner and Dong Yu Lin and S{\o}ren Prehn",
TITLE        = "{Domain Analyses: A Case Study of Station Management}",
INSTITUTION  = "{\sf UNU/IIST}",
ORGANIZATION = "International Institute for Software
                Technology, United Nations University",
ADDRESS      = "P.O.Box 3058, Macau",
TYPE         = "Research Report",
NUMBER       = "23",
MONTH        = "9 November",
YEAR         = "1994", 
NOTE         = "\BREAK Presented at the {\sl 1994 Kunming International\
                CASE Symposium}: {\sf KICS'94}, Yunnan Province, P.R.of China,
                16--20 November 1994. \dbabstract{Domain Analysis is
		  applied to four distinct fields:  (1) The intrinsics
		  of the Application Domain property --- void of any
		  reference to implementing technology and people. (2)
       The current underlying Railway Technology, excluding the
		  Computing Platform - void of reference to human
		  users. (3)  
       The human operator and other user roles. (4)
       The computing and communication platforms.
Requirements Capture is now a process which, from the resulting
		  descriptions of the three domains, extract their
		  interaction to come up with a Requirements, i.e. a
		  Software Specification - from which 
increasingly concrete Software Design Descriptions are derived,
		  finally resulting in Code.  
In this paper we will only deal with the domain analysis aspects,
		  incl. their domain description.  
This report is incomplete. Only (1) and narrative of (2) is reasonable
		  complete, whereas the rest consists of notes}"}


@techreport{apaUNUIIST:24,
AUTHOR       = "Chao Chen Zhou  and Huiqun Yu",
TITLE        = "{A Duration Model for Railway scheduling}",
INSTITUTION  = "{\sf UNU/IIST}",
ORGANIZATION = "International Institute for Software
                Technology, United Nations University",
ADDRESS      = "P.O.Box 3058, Macau",
YEAR         = "1994",
MONTH        = "May",
TYPE         = "Technical Report",
NUMBER       = "24b",
NOTE         = ""}

@techreport{UNUIIST:24,
AUTHOR       = "Chao Chen Zhou and Yu Huiqun",
TITLE        = "{A duration Model for Railway scheduling}",
INSTITUTION  = "{\sf UNU/IIST}",
ORGANIZATION = "International Institute for Software
                Technology, United Nations University",
ADDRESS      = "P.O.Box 3058, Macau",
YEAR         = "1994",
MONTH        = "May",
TYPE         = "Technical Report",
NUMBER       = "24b",
NOTE         = ""}

@techreport{UNUIIST:25,
AUTHOR       = "Dang Van Hung and Chao Chen Zhou",
TITLE        = "{Probabilistic Duration Calculus for Continuous Time}",
INSTITUTION  = "{\sf UNU/IIST}",
ORGANIZATION = "International Institute for Software
                Technology, United Nations University",
ADDRESS      = "P.O.Box 3058, Macau",
YEAR         = "1994",
MONTH        = "May",
TYPE         = "Research Report",
NUMBER       = "25",
NOTE         = "\BREAK Presented at {\sl NSL'94 (Workshop on Non-standard
                Logics and Logical Aspects of Computer Science,
Kanazawa, Japan, December 5--8, 1994)}, submitted to {\sl Formal
		  Aspects of Computing}"}

@techreport{UNUIIST:26,
AUTHOR       = "Chen Zongji and Wang Ji and Chao Chen Zhou",
TITLE        = "{An Abstraction of Hybrid Control Systems}",
INSTITUTION  = "{\sf UNU/IIST}",
ORGANIZATION = "International Institute for Software
                Technology, United Nations University",
ADDRESS      = "P.O.Box 3058, Macau",
YEAR         = "1994",
MONTH        = "June",
TYPE         = "Research Report",
NUMBER       = "26",
NOTE         = ""}

@techreport{apaUNUIIST:26,
AUTHOR       = "Zongji Chen  and Ji Wang  and Chao Chen Zhou",
TITLE        = "{An Abstraction of Hybrid Control Systems}",
INSTITUTION  = "{\sf UNU/IIST}",
ORGANIZATION = "International Institute for Software
                Technology, United Nations University",
ADDRESS      = "P.O.Box 3058, Macau",
YEAR         = "1994",
MONTH        = "June",
TYPE         = "Research Report",
NUMBER       = "26",
NOTE         = ""}

@techreport{UNUIIST:27,
AUTHOR       = "Chen Zongji and Wang Ji and Chao Chen Zhou",
TITLE        = "{A Design Approach of Hybrid Control Systems}",
INSTITUTION  = "{\sf UNU/IIST}",
ORGANIZATION = "International Institute for Software
                Technology, United Nations University",
ADDRESS      = "P.O.Box 3058, Macau",
YEAR         = "1994",
MONTH        = "June",
TYPE         = "Research Report",
NUMBER       = "27",
NOTE         = ""}

@techreport{apaUNUIIST:27,
AUTHOR       = "Zongji Chen and Ji Wang and Chao Chen Zhou",
TITLE        = "{A Design Approach of Hybrid Control Systems}",
INSTITUTION  = "{\sf UNU/IIST}",
ORGANIZATION = "International Institute for Software
                Technology, United Nations University",
ADDRESS      = "P.O.Box 3058, Macau",
YEAR         = "1994",
MONTH        = "June",
TYPE         = "Research Report",
NUMBER       = "27",
NOTE         = ""}

@techreport{UNUIIST:28,
AUTHOR       = "Yu Xinyiao",
TITLE        = "{Stability of Railway Systems}",
INSTITUTION  = "{\sf UNU/IIST}",
ORGANIZATION = "International Institute for Software
                Technology, United Nations University",
ADDRESS      = "P.O.Box 3058, Macau",
YEAR         = "1994",
MONTH        = "May",
TYPE         = "Technical Report",
NUMBER       = "28",
NOTE         = ""}

@techreport{apaUNUIIST:28,
AUTHOR       = "Xinyiao Yu",
TITLE        = "{Stability of Railway Systems}",
INSTITUTION  = "{\sf UNU/IIST}",
ORGANIZATION = "International Institute for Software
                Technology, United Nations University",
ADDRESS      = "P.O.Box 3058, Macau",
YEAR         = "1994",
MONTH        = "May",
TYPE         = "Technical Report",
NUMBER       = "28",
NOTE         = ""}

@techreport{UNUIIST:29,
AUTHOR       = "Yu Xinyiao",
TITLE        = "{On Stability of Hybrid Systems}",
INSTITUTION  = "{\sf UNU/IIST}",
ORGANIZATION = "International Institute for Software
                Technology, United Nations University",
ADDRESS      = "P.O.Box 3058, Macau",
YEAR         = "1994",
MONTH        = "May",
TYPE         = "Technical Report",
NUMBER       = "29",
NOTE         = ""}

@techreport{apaUNUIIST:29,
AUTHOR       = "Xinyiao Yu",
TITLE        = "{On Stability of Hybrid Systems}",
INSTITUTION  = "{\sf UNU/IIST}",
ORGANIZATION = "International Institute for Software
                Technology, United Nations University",
ADDRESS      = "P.O.Box 3058, Macau",
YEAR         = "1994",
MONTH        = "May",
TYPE         = "Technical Report",
NUMBER       = "29",
NOTE         = ""}


@techreport{UNUIIST:30,
AUTHOR       = "Jan Goossenaerts and Dines Bj{\o}rner",
TITLE        = "{An Information Technology Framework for Lean/Agile
Supply-based Industries in Developing Countries}",
INSTITUTION  = "{\sf UNU/IIST}",
ORGANIZATION = "International Institute for Software
                Technology, United Nations University",
ADDRESS      = "P.O.Box 3058, Macau",
YEAR         = "1994",
MONTH        = "",
TYPE         = "Technical Report",
NUMBER       = "30",
NOTE         = "\BREAK Published in {\sl Proceedings of the International 
           Dedicated Conference on Lean/Agile Manufacturing 
           in the Automotive Industries}, ISATA, London, UK"}

@techreport{UNUIIST:31,
AUTHOR       = "Jan Goossenaerts and Dines Bj{\o}rner",
TITLE        = "{Interflow Systems for Manufacturing: 
                Concepts and a Construction}",
INSTITUTION  = "{\sf UNU/IIST}",
ORGANIZATION = "International Institute for Software
                Technology, United Nations University",
ADDRESS      = "P.O.Box 3058, Macau",
YEAR         = "1994",
MONTH        = "",
TYPE         = "Technical Report",
NUMBER       = "31",
NOTE         = "\BREAK Published in {\sl Proceedings of the European Workshop 
           on Integrated Manufacturing Systems Engineering}"} 
 

@techreport{UNUIIST:32,
AUTHOR       = "Jan Goossenaerts",
TITLE        = "{Generic Models for Manufacturing Industry}",
INSTITUTION  = "UNU/IIST",
TYPE         = "Technical Report",
NUMBER       = "32",
ADDRESS      = "P.O.Box 3058, Macau",
MONTH        = "November",
YEAR         = "1994",
NOTE         = "Draft Version. In: Reference Handbook Ch. IV.1"}

@techreport{UNUIIST:33,
AUTHOR       = "Dang Van Hung",
TITLE        = "{An Algorithm for Maintaining Consistent View of
		  Processes in Distributed Systems}", 
INSTITUTION  = "{\sf UNU/IIST}",
ORGANIZATION = "International Institute for Software
                Technology, United Nations University",
ADDRESS      = "P.O.Box 3058, Macau",
YEAR         = "1994",
MONTH        = "January",
TYPE         = "Research Report",
NUMBER       = "33",
NOTE         = "\BREAK  Published in the {\sl Proceedings of the
		  International Symposium 
                on Parallel Architectures, Algorithms and Networks (ISPAN)}, 
                December 14--16, 1994, Kanazawa, Japan, IEEE Computer Society
                Press, 1994, pp. 33--40"}

@techreport{UNUIIST:34,
AUTHOR       = "He Weidong and Chao Chen Zhou",
TITLE        = "{A Case Study of Optimization}",
INSTITUTION  = "{\sf UNU/IIST}",
ORGANIZATION = "International Institute for Software
                Technology, United Nations University",
ADDRESS      = "P.O.Box 3058, Macau",
YEAR         = "1994",
MONTH        = "December",
TYPE         = "Research Report",
NUMBER       = "34",
NOTE         = "\BREAK Published in {\em The Computer Journal}, Vol. 38, No. 9,
                pp. 734-746, 1995"}


@techreport{UNUIIST:35, 
AUTHOR       = "Dang Van Hung and Wang Ji", 
TITLE        = "{On The Design of Hybrid Control Systems Using
		  Automata Model}", 
INSTITUTION  = "{\sf UNU/IIST}", 
ORGANIZATION = "International Institute for Software Technology,
		  United Nations University",
ADDRESS      = "P.O.Box 3058, Macau", 
YEAR         = "1994",
MONTH        = "November", 
TYPE         = "Research Report", 
NUMBER       = "35", 
NOTE         = "\BREAK Published in V. Chandru and V. Vinay
		  (Eds.) {\em Foundations of Software Technology and
		  Theoretical Computer Science} (FST\&TCS16), LNCS
		  1180, Springer-Verlag, Dec 1996, pp. 156--167"}
		  
		  
@techreport{apaUNUIIST:35, 
AUTHOR       = "Dang Van Hung and Ji Wang", 
TITLE        = "{On The Design of Hybrid Control Systems Using
		  Automata Model}", 
INSTITUTION  = "{\sf UNU/IIST}", 
ORGANIZATION = "International Institute for Software Technology,
		  United Nations University",
ADDRESS      = "P.O.Box 3058, Macau", 
YEAR         = "1994",
MONTH        = "November", 
TYPE         = "Research Report", 
NUMBER       = "35", 
NOTE         = "\BREAK Published in V. Chandru and V. Vinay
		  (Eds.) {\em Foundations of Software Technology and
		  Theoretical Computer Science} (FST\&TCS16), LNCS
		  1180, Springer-Verlag, Dec 1996, pp. 156--167"}
		  
		  
@techreport{UNUIIST:36,
AUTHOR       = "Belawati H. Widjaja and He Weidong and Chen Zongji and
		  Chao Chen Zhou", 
TITLE        = "{A Cooperative Design for Hybrid Systems}",
INSTITUTION  = "{\sf UNU/IIST}",
ORGANIZATION = "International Institute for Software
                Technology, United Nations University",
ADDRESS      = "P.O.Box 3058, Macau",
YEAR         = "1994",
MONTH        = "December",
TYPE         = "Research Report",
NUMBER       = "36",
NOTE         = "\BREAK Published in: Logic and Software Engineering
                International Workshop in Honor of Chih-Sung Tang,
                pp 127-150, Edited by A. Pnueli and H. Lin
                World Scientific, 1996"}
 
@techreport{apaUNUIIST:36,
AUTHOR       = "Belawati H. Widjaja and Weidong He and Zongji Chen and
		 Chaochen  Zhou", 
TITLE        = "{A Cooperative Design for Hybrid Systems}",
INSTITUTION  = "{\sf UNU/IIST}",
ORGANIZATION = "International Institute for Software
                Technology, United Nations University",
ADDRESS      = "P.O.Box 3058, Macau",
YEAR         = "1994",
MONTH        = "December",
TYPE         = "Research Report",
NUMBER       = "36",
NOTE         = "\BREAK Published in: Logic and Software Engineering
                International Workshop in Honor of Chih-Sung Tang,
                pp 127-150, Edited by A. Pnueli and H. Lin
                World Scientific, 1996"}


@techreport{UNUIIST:37,
AUTHOR       = "Dines Bj{\o}rner and Chris W. George and S{\o}ren Prehn",
TITLE        = "{Domain Analysis --- a Prerequisite for Requirements Capture}",
INSTITUTION  = "{\sf UNU/IIST}",
ORGANIZATION = "International Institute for Software
                Technology, United Nations University",
ADDRESS      = "P.O.Box 3058, Macau",
YEAR         = "1995",
MONTH        = "February",
TYPE         = "Technical Report",
NUMBER       = "37",
NOTE         = "\dbabstract{Before an architecture for a software
		  system (or package) - that is: a definition of
		  concepts and facilities of the software system
		  (resp.\ package) to be developed - can be given, one
		  first 
establishes proper requirements expected of that software, that is: we
		  base software development on requirements
		  specifications. These requirements are captured from
		  understanding first the domain in 
which the software is to serve and then from understanding the
		  expectations of the new software as an operational
		  part of the thus extended domain. Thus understanding
		  the domain seems to be a very first 
order of `business'! In this paper we present an example of the
		  collection of (informal) procedures and (formal)
		  techniques that are being applied in understanding
		  the Railway System domain - as part of a 
large scale technology transfer project joint with various software
		  development and computer centers of the Chinese
		  Railways in researching and developing proper
		  software eventually for all aspects of 
railway operation in China}"}

@techreport{UNUIIST:37x,
AUTHOR       = "Dines Bj{\o}rner and Chris W. George and S{\o}ren Prehn",
TITLE        = "{Domain Analysis --- a Prerequisite for Requirements Capture}",
INSTITUTION  = "{\sf UNU/IIST}",
ORGANIZATION = "International Institute for Software
                Technology, United Nations University",
ADDRESS      = "P.O.Box 3058, Macau",
YEAR         = "1995",
MONTH        = "February",
TYPE         = "Technical Report",
NUMBER       = "37"}



@techreport{UNUIIST:38,
AUTHOR       = "Juan Wang and Xiao Shan Li and Chao Chen Zhou",
TITLE        = "{A Duration Calculus Approach to Specifying the
		  Steam-boiler Problem}", 
INSTITUTION  = "{\sf UNU/IIST}",
ORGANIZATION = "International Institute for Software
                Technology, United Nations University",
ADDRESS      = "P.O.Box 3058, Macau",
YEAR         = "1995",
MONTH        = "February",
TYPE         = "Technical Report",
NUMBER       = "38",
NOTE         =""}

@techreport{UNUIIST:39,
AUTHOR       = "Juan Wang and Xiao Shan Li and Chao Chen Zhou",
TITLE        = "{Specifying Optimal Design of the 
     Steam-boiler System}",
INSTITUTION  = "{\sf UNU/IIST}",
ORGANIZATION = "International Institute for Software
                Technology, United Nations University",
ADDRESS      = "P.O.Box 3058, Macau",
YEAR         = "1995",
MONTH        = "February",
TYPE         = "Technical Report",
NUMBER       = "39",
NOTE         = ""}

@techreport{UNUIIST:40,
AUTHOR       = "Chao Chen Zhou and Dang Van Hung and Xiao Shan Li",
TITLE        = "{A Duration Calculus with Infinite Intervals}",
INSTITUTION  = "{\sf UNU/IIST}",
ORGANIZATION = "International Institute for Software
                Technology, United Nations University",
ADDRESS      = "P.O.Box 3058, Macau",
YEAR         = "1995",
MONTH        = "February",
TYPE         = "Research Report",
NUMBER       = "40",
NOTE         = "\BREAK Published in: {\sl Fundamentals of Computation
		  Theory}, Horst Reichel 
                (ed.), pp 16-41, LNCS 965, Springer-Verlag, 1995"}


@techreport{UNUIIST:41,
AUTHOR       = "Xu Qiwen and He Weidong",
TITLE        = "{Hierarchical Design of a Chemical Concentration 
                Control System}",
INSTITUTION  = "{\sf UNU/IIST}",
ORGANIZATION = "International Institute for Software
                Technology, United Nations University",
ADDRESS      = "P.O.Box 3058, Macau",
YEAR         = "1995",
MONTH        = "April",
TYPE         = "Research Report",
NUMBER       = "41",
NOTE         = ""}


@techreport{UNUIIST:42,
AUTHOR       = "Chris W. George",
TITLE        = "{Distributed Train Rescheduling}",
INSTITUTION  = "{\sf UNU/IIST}",
ORGANIZATION = "International Institute for Software
                Technology, United Nations University",
ADDRESS      = "P.O.Box 3058, Macau",
YEAR         = "1995",
MONTH        = "April",
TYPE         = "Research Report",
NUMBER       = "42",
NOTE         = "\dbabstract{This document builds on the basis of
		  previous work, in particular PRaCoSy documents SP/12
		  and SP/13. It aims to deal with two problems: (i)
		  how to reschedule as well as schedule trains (ii)
		  how to distribute these tasks}"}


@techreport{UNUIIST:43,
AUTHOR       = "Fu Hongguang and Yang Lu and Chao Chen Zhou",
TITLE        = "{A Geometric Approach to Solving Inverse Kinematics}",
INSTITUTION  = "{\sf UNU/IIST}",
ORGANIZATION = "International Institute for Software
                Technology, United Nations University",
ADDRESS      = "P.O.Box 3058, Macau",
YEAR         = "1995",
MONTH        = "March",
TYPE         = "Research Report",
NUMBER       = "43",
NOTE         = ""}


@techreport{UNUIIST:44,
AUTHOR       = "Philip Chan and Dang Van Hung",
TITLE        = "{Duration Calculus Specification of Scheduling for
                Tasks with Shared Resources}",
INSTITUTION  = "{\sf UNU/IIST}",
ORGANIZATION = "International Institute for Software
                Technology, United Nations University", 
ADDRESS      = "P.O.Box 3058, Macau", YEAR = "1995", MONTH = "June", 
TYPE         = "Research Report", 
NUMBER       = "44", 
NOTE         = "\BREAK Published in: Kanchana
Kanchanasut and Jean-Jacques Levy (Eds.), {\sl Algorithms, Concurrency
and Knowledge}, LNCS 1023, Springer-Verlag 1995, pp. 365--380"}

@techreport{UNUIIST:45,
AUTHOR       = "Mia Indrika",
TITLE        = "{Formal development of A Toll Way Control System}",
INSTITUTION  = "{\sf UNU/IIST}",
ORGANIZATION = "International Institute for Software
                Technology, United Nations University",
ADDRESS      = "P.O.Box 3058, Macau",
YEAR         = "1995",
MONTH        = "August",
TYPE         = "Technical Report",
NUMBER       = "45",
NOTE         = "\dbabstract{In this report we present development of A
		  Toll Way Control System by step-wise refinement. We
		  also report the significant changes which have been
		  made during the development. This work is 
carried out using the RAISE specification language and its associated
		  method. Familiarity with RAISE or at least an
		  ability to read it, is assumed}"} 


@techreport{UNUIIST:46,
AUTHOR       = "Dines Bj{\o}rner",
TITLE        = "{New Software Technology Development}",
INSTITUTION  = "{\sf UNU/IIST}",
ORGANIZATION = "International Institute for Software
                Technology, United Nations University",
ADDRESS      = "P.O.Box 3058, Macau",
YEAR         = "1995",
MONTH        = "November",
TYPE         = "Technical Report",
NUMBER       = "46",
NOTE         = "\BREAK International Symposium: 
       {\sf New IT for Governance and Publication Administration},
        Beijing, China; organized by UNDDSMS, June 1996"}

@techreport{UNUIIST:47,
AUTHOR       = "Dines Bj{\o}rner",
TITLE        = "{Software Support for Infrastructure Systems}",
INSTITUTION  = "{\sf UNU/IIST}",
ORGANIZATION = "International Institute for Software
                Technology, United Nations University",
ADDRESS      = "P.O.Box 3058, Macau",
YEAR         = "1995",
MONTH        = "November",
TYPE         = "Technical Report", 
NUMBER       = "47",
NOTE         = "\BREAK Position statement for the {\sl First Malaysia
       Information Technology Days: 1--3 November 1995} \dbabstract{We
		  define and motivate the need for research into,
		  advanced development and actual deployment, by
		  public and private sector institutions and
		  enterprises, of an advanced class of uses of 
geographically widely distributed information technology systems of
		  computers and communications in achieving software
		  support for infrastructure systems}"} 

@techreport{db:UNUIIST:48,
AUTHOR       = "Dines Bj{\o}rner",
TITLE        = "{Software Systems Engineering 
      --- From Domain Analysis
       to Requirements Capture [--- an Air Traffic Control Example]}",
INSTITUTION  = "{\sf UNU/IIST}",
ORGANIZATION = "International Institute for Software
                Technology, United Nations University",
ADDRESS      = "P.O.Box 3058, Macau",
YEAR         = "1995",
MONTH        = "November",
TYPE         = "Technical Report", 
NUMBER       = "48",
NOTE         = "Keynote paper for the {\sl Asia Pacific
		  Software Engineering 
       Conference}, APSEC'95, Brisbane, Australia, 6--9 December
       1995. \dbabstract{From Domain Analysis to Requirements Capture
		  Based on an Air Traffic example we illustrate issues
		  of Domain Analysis (of: air space, time tables, and
		  traffic), and of Requirements Capture (of: 
scheduling systems, and of air traffic control). We relate also to the
		  issue of Software Architecture}"} 
        

@techreport{UNUIIST:49,
AUTHOR       = "Xu Qi Wen",
TITLE        = "{On Compositionality in Refining Concurrent Systems}",
INSTITUTION  = "UNU/IIST",
TYPE         = "Research Report",
NUMBER       = "49",
ADDRESS      = "P.O.Box 3058",
MONTH        = "Jan",
YEAR         = "1996",
NOTE         = ""}



@techreport{UNUIIST:50,
AUTHOR       = "Dang Van Hung and Phan Hong Giang",
TITLE        = "{A Sampling Semantics of Duration Calculus}",
INSTITUTION  = "{\sf UNU/IIST}",
ORGANIZATION = "International Institute for Software
                Technology, United Nations University",
ADDRESS      = "P.O.Box 3058, Macau",
YEAR         = "1995",
MONTH        = "November",
TYPE         = "Research Report",
NUMBER       = "50",
NOTE         = "\BREAK Published in: {\sl Formal Techniques for Real-Time
    and Fault Tolerant Systems}, 
Bengt Jonsson and Joachim Parrow (Eds),
LNCS 1135, Spriger-Verlag, pp. 188--207, 1996"}


@techreport{UNUIIST:51,
AUTHOR       = "Chris W. George",
TITLE        = "{A Theory of Distributing Train Rescheduling}",
INSTITUTION = "{\sf UNU/IIST}",
ORGANIZATION = "International Institute for Software
                  Technology, United Nations University",
ADDRESS      = "P.O.Box 3058, Macau",
YEAR         = "1995",
MONTH        = "December",
TYPE         = "Research Report",
NUMBER       = "51",
NOTE         = "\BREAK Published in: Marie-Claude Gaudel and James Woodcock
(eds.), {\sl FME'96: Industrial Benefit and Advances in Formal
Methods}, LNCS 1051, Springer-Verlag, 1996,
		  pp. 499--517. \dbabstract{We outline the formal
		  modelling of a software system to support the
		  scheduling and rescheduling of trains. The current
		  (prototype) system supports only centralized
		  rescheduling, but in practice 
rescheduling is done on an area basis, and a distributed system is
		  required. Developing a distributed system involves
		  the notions of delegability of functions to adjust
		  schedules and distributability of 
functions to analyse them for conformance to regulations. We formalize
		  these notions in terms of a more abstract, generic
		  specification and then instantiate this to generate
		  a specification of the distributed 
system}"}


@techreport{UNUIIST:52,
AUTHOR       = "Dines Bj{\o}rner and Chris W. George and S{\o}ren Prehn",
TITLE        = "{Scheduling and Rescheduling of Trains}",
INSTITUTION  = "{\sf UNU/IIST}",
ORGANIZATION = "International Institute for Software
                  Technology, United Nations University",
ADDRESS      = "P.O.Box 3058, Macau",
YEAR         = "1995",
MONTH        = "December",
TYPE         = "Research Report",
NUMBER       = "52",
NOTE         = "\dbabstract{We describe work done at UNUIIST involving
		  staff from the Chinese railways. The immediate aim
		  is to develop software that can improve the
		  efficiency of the Chinese railway system,
		  particularly 
in the scheduling of trains. In the longer term we hope to develop the
		  capacity of the Chinese railways to produce and even
		  market their own software. The part of the project
		  described here includes the 
development of formal models of some basic components of railways
		  (networks of stations and lines and timetables) and
		  the activities needed to schedule and reschedule
		  trains using a running map. This part 
finished with the delivery of a prototype running map tool, and some
		  conclusions are drawn about the formal development
		  of this tool}"} 

@techreport{UNUIIST:53,
AUTHOR       = "Dines Bj{\o}rner",
TITLE        = "{1995 Annual Report}",
TYPE         = "Administrative Report",
INSTITUTION  = "{\sf UNU/IIST}",
ORGANISATION = "International Institute for Software
                  Technology, United Nations University",
ADDRESS      = "P.O.Box 3058, Macau",
MONTH        = "January",
NUMBER       = "53",
YEAR         = "1996",
NOTE         = "\BREAK
                  Reports on the status of {\sf UNU/IIST} and its
                  activities during 1995"}

@techreport{UNUIIST:54,
AUTHOR       = "Dang Van Hung and Ko Kwang Il",
TITLE        = "{Verification via Digitized Model of Real--Time Systems}",
TYPE         = "Research Report",
INSTITUTION  = "{\sf UNU/IIST}",
ORGANISATION = "International Institute for Software
                  Technology, United Nations University",
ADDRESS      = "P.O.Box 3058, Macau",
MONTH        = "February",
NUMBER       = "54",
YEAR         = "1996",
NOTE         = "\BREAK Published in the proceedings of {\em 
    Asia-Pacific Software Engineering Conference 1996} (APSEC'96),
IEEE Computer Society Press, 1996, pp 4--15"}



@techreport{UNUIIST:55,
AUTHOR       = "Tomasz Janowski",
TITLE        = "{On Bisimulation, Fault-Monotonicity and Provable
		  Fault-Tolerance}", 
TYPE         = "Research Report",
INSTITUTION  = "{\sf UNU/IIST}",
ORGANISATION = "International Institute for Software
                  Technology, United Nations University",
ADDRESS      = "P.O.Box 3058, Macau",
MONTH        = "Dec",
NUMBER       = "55",
YEAR         = "1995",
NOTE         = ""}

@techreport{UNUIIST:56,
AUTHOR       = "Ji Wang and WeiDong He",
TITLE        = "{Formal Specification of Stability in Hybrid Control Systems}",
TYPE         = "Research Report",
INSTITUTION  = "{\sf UNU/IIST}",
ORGANISATION = "International Institute for Software
                  Technology, United Nations University",
ADDRESS      = "P.O.Box 3058, Macau",
MONTH        = "Dec",
NUMBER       = "56",
YEAR         = "1995",
NOTE         = ""}


@techreport{apaUNUIIST:56,
AUTHOR       = "Ji Wang and WeiDong He",
TITLE        = "{Formal Specification of Stability in Hybrid Control Systems}",
TYPE         = "Research Report",
INSTITUTION  = "{\sf UNU/IIST}",
ORGANISATION = "International Institute for Software
                  Technology, United Nations University",
ADDRESS      = "P.O.Box 3058, Macau",
MONTH        = "Dec",
NUMBER       = "56",
YEAR         = "1995",
NOTE         = ""}



@techreport{UNUIIST:57,
AUTHOR       = "Chao Chen Zhou and Ji Wang and Anders P. Ravn",
TITLE        = "{A Formal Description of Hybrid Systems}",
TYPE         = "Research Report",
INSTITUTION  = "{\sf UNU/IIST}",
ORGANISATION = "International Institute for Software
                 Technology, United Nations University",
ADDRESS      = "P.O.Box 3058, Macau",
MONTH        = "Dec",
NUMBER       = "57",
YEAR         = "1995",
NOTE         = "\BREAK Published in {\em Hybrid Systems III,}
R. Alur, T. Henzinger, and E. Sontag (Editors), LNCS 1066,
pp. 511-530, Springer-Verlag, 1996"}

@techreport{apaUNUIIST:57,
AUTHOR       = "Chao Chen Zhou and Wang Ji and Anders P. Ravn",
TITLE        = "{A Formal Description of Hybrid Systems}",
TYPE         = "Research Report",
INSTITUTION  = "{\sf UNU/IIST}",
ORGANISATION = "International Institute for Software
                 Technology, United Nations University",
ADDRESS      = "P.O.Box 3058, Macau",
MONTH        = "Dec",
NUMBER       = "57",
YEAR         = "1995",
NOTE         = "\BREAK Published in {\em Hybrid Systems III,}
R. Alur, T. Henzinger, and E. Sontag (Editors), LNCS 1066,
pp. 511-530, Springer-Verlag, 1996"}


@techreport{UNUIIST:58,
AUTHOR       = "Dines Bj{\o}rner",
TITLE        = "{Infrastructure Software Systems}",
INSTITUTION  = "{\sf UNU/IIST}",
ORGANISATION = "International Institute for Software
                  Technology, United Nations University",
ADDRESS      = "P.O.Box 3058, Macau",
MONTH        = "Dec",
NUMBER       = "58",
YEAR         = "1996",
NOTE         = "\BREAK Presentation solicited for the Academia Europae
                (AE/CWI/SMC) Symposium, Amsterdam 11--12 April,
		  1996. \dbabstract{The aim of this mostly analytical
		  paper is to propose a definition of what an
		  infrastructure is. This definition will be stated in
		  terms of properties of properties of mathematical
		  models of the domain 
of the `infrastructure', in terms of properties of requirements put to
		  computing \& communications support, and in terms of
		  characteristics of possible architectures for
		  software that support the `infrastructure'.  
The paper is presently in draft form, but is circulated in order to
		  solicit comments}"}
		  
@techreport{UNUIIST:59,
AUTHOR       = "Dines Bj{\o}rner",
TITLE        = "{New Software Development}",
INSTITUTION  = "{\sf UNU/IIST}",
ORGANISATION = "International Institute for Software
                  Technology, United Nations University",
TYPE         = "Administrative/Technical Report",
NUMBER       = "59",
ADDRESS      = "P.O.Box 3058, Macau",
MONTH        = "January",
YEAR         = "1996",
NOTE         = "Special {\sl Theme\/} paper:
       {\sl New Software Technology Development}. Paper was
       first prepared in
       September 1995 for an International
       Symposium:
       {\sl New IT Applications for Governance and Public
         Administration}, convened by the UN's Department for Development
       Support and Management Service: UNDDSMS, 
       Beijing, November 9--14, 1995. This symposium was subsequently
       moved  to June 1996, same venue. \dbabstract{In
		  this paper we review (i) basic functions of
		  Governance and Public Administration
		  with respect to its possible needs for Computers \&
		  Communications  
(notably software); (ii) the basic tasks confronting upper level
		  management of   Governance and Public Administration
		  institutions when considering  
		  Computers \&
		  Communications; (iii) the basic tasks confronting Computers
		  \& Communications
		  facilities management when procuring, monitoring 
the development of and operating new software technology for
		  Governance and Public Administration; 
		  and (iv) the basic tasks confronting {\sf New
		  Development of Software Technology}. In this latter
		  we cover current thoughts on software 
development process modeling, current methods, principles, techniques,
		  and tools of software development. We need to cover
		  (i--iii) in order to properly understand the setting
		  for and offerings of what is covered in (iv)}"}

@techreport{UNUIIST:60,
AUTHOR       = "Dines Bj{\o}rner",
TITLE        = "{Models of Enterprise Management:
   Strategy, Tactics \& Operations
   --- Case Study Applied to Airlines and Manufacturing}",
INSTITUTION  = "{\sf UNU/IIST}",
ORGANISATION = "International Institute for Software
                  Technology, United Nations University",
TYPE         = "Technical Report",
NUMBER       = "60",
ADDRESS      = "P.O.Box 3058, Macau",
MONTH        = "January -- April",
YEAR         = "1996",
NOTE         = "\dbabstract{Based on an abstract notion of resources,
		  their macro allocation and macro scheduling, we give
		  models of strategic, tactical and operational
		  planning as well as of the actual overall operations
		  of a 
typical transportation or manufacturing enterprise. We comment on
		  macro- vs. micro allocation and scheduling. The
		  former binds resources to locations and time
		  intervals, the latter binds tasks to (already 
location allocated and interval scheduled) resources. 
The abstract and the instantiated models are claimed to represent
		  views of classes of application domains and to
		  constitute essential elements of an analysis of such
		  a domain}"} 
    
@techreport{UNUIIST:61, 
AUTHOR       = "Dines Bj{\o}rner",
TITLE        = "{Federated GIS+DIS--based 
Decision Support Systems for Sustainable Development
--- a Conceptual Architecture}",
INSTITUTION  = "{\sf UNU/IIST}",
ORGANISATION = "International Institute for Software
                  Technology, United Nations University",
TYPE         = "Research Report",
NUMBER       = "61",
ADDRESS      = "P.O.Box 3058, Macau",
MONTH        = "March",
YEAR         = "1996",
NOTE         = "Draft"}

@techreport{UNUIIST:62,
AUTHOR       = "Cleta Milagros Acebedo",
TITLE        = "{An Informal Domain Analysis for Manufacturing Enterprises}",
INSTITUTION  = "{\sf UNU/IIST}",
ORGANISATION = "International Institute for Software
                  Technology, United Nations University",
TYPE         = "Research Report",
NUMBER       = "62",
ADDRESS      = "P.O.Box 3058, Macau",
MONTH        = "March",
YEAR         = "1996",
NOTE         = ""}

@techreport{UNUIIST:63,
AUTHOR       = "Tomasz Janowski",
TITLE        = "{Domain Analysis for Manufacturing: 
                   Formalization of the Market}",
INSTITUTION  = "{\sf UNU/IIST}",
ORGANISATION = "International Institute for Software
                  Technology, United Nations University",
TYPE         = "Research Report",
NUMBER       = "63",
ADDRESS      = "P.O.Box 3058, Macau",
MONTH        = "March",
YEAR         = "1996",
NOTE         = "\dbabstract{This document provides an abstract model
		  for manufacturing industry, as it appears in the
		  market context. We identify a number of `players'
		  (consumers, suppliers, traders and producers) and 
formalize the ways they compete for the shared market. Initially
		  abstract, the model becomes more concrete in a
		  sequence of refinements (conceptual rather than
		  formal) naturally evolving to address such 
aspects of an enterprise like marketing, finances, administration and
		  production. The companion documents will consider
		  these aspects in more detail. To formalize the game
		  of supply and demand is a 
prerequisite, we believe, for modelling an enterprise that will
		  provide the most effective answer to the demands of
		  the business environment}"} 


@techreport{UNUIIST:64,
AUTHOR       = "Cleta Milagros Acebedo and Erwin Paguio",
TITLE        = "{Manufacturing Enterprise Simulation: A Business Game}",
INSTITUTION  = "{\sf UNU/IIST}",
ORGANISATION = "International Institute for Software
                  Technology, United Nations University",
TYPE         = "Research Report",
NUMBER       = "64",
ADDRESS      = "P.O.Box 3058, Macau",
MONTH        = "March",
YEAR         = "1996",
NOTE         = ""}

@techreport{UNUIIST:65,
AUTHOR       = "Tomasz Janowski",
TITLE        = "{Categories for System Integration - A Proposal}",
INSTITUTION  = "{\sf UNU/IIST}",
ORGANISATION = "International Institute for Software
                  Technology, United Nations University",
TYPE         = "Administrative",
NUMBER       = "65",
ADDRESS      = "P.O.Box 3058, Macau",
MONTH        = "Mar",
YEAR         = "1996",
NOTE         = "\dbabstract{We outline a research project proposal to
		  explore the use of Category Theory (CT) for the
		  integration of distributed systems, as captured in
		  the emerging standard for Open Distributed
		  Processing 
(ODP). Following the unifying role that CT played for the diverse
		  branches of mathematics, it is to provide a unifying
		  architectural semantics for various concepts of the
		  ODP standard, its viewpoint 
languages and their Formal Description Techniques (FDT). RAISE and its
		  supporting tools will play the role of the
		  underlying notation and will help to formally design
		  software for conformance checking, 
consistency between different viewpoint specifications, translation of
		  specifications in different FDTs (functors between
		  many FDTs and CT already exist) and for simulation
		  (virtual machine). CIMOSA, 
Open System Architecture for Computer Integrated Manufacturing, will provide the first concrete test and the running example for our study}"}

@techreport{UNUIIST:66,
AUTHOR       = "Tomasz Janowski and Mathai Joseph",
TITLE        = "{Dynamic Scheduling in the Presence of Faults: 
  Specification and Verification}",
INSTITUTION  = "{\sf UNU/IIST}",
ORGANISATION = "International Institute for Software
                  Technology, United Nations University",
TYPE         = "Research Report",
NUMBER       = "66",
ADDRESS      = "P.O.Box 3058, Macau",
MONTH        = "Mar",
YEAR         = "1996",
NOTE         = ""}
 
      
@techreport{UNUIIST:67,
AUTHOR       = "Roderick Durmiendo and Chris W. George",
TITLE        = "{Formal Development of a Digital Mutiplexed
Radio-Telephone System}",
INSTITUTION  = "{\sf UNU/IIST}",
ORGANISATION = "International Institute for Software
                  Technology, United Nations University",
TYPE         = "Research Report",
NUMBER       = "67",
ADDRESS      = "P.O.Box 3058, Macau",
MONTH        = "Feb",
YEAR         = "1996",
NOTE         = "\dbabstract{This paper presents a formal development
		  of a Radio Telephone System by a sequence of
		  correctness-preserving refinements. We follow
		  several steps of refinement from an abstract
		  applicative 
specification which is validated against the properties and behavior
		  of a basic telephone service, to a specification
		  involving a central station and a number of remote
		  stations communicating synchronously by 
means of radio channels. Particular features of the development are
		  the decomposition of the basic telephone service
		  into separate layers for the phones and the
		  communication network, and the introduction 
of finite communication resources. We verify that the decompositions
		  preserve correctness and that the resources are
		  allocated and released correctly. The work was
		  carried out with the RAISE specification 
language and its associated method, using the RAISE tools}"}
    
@techreport{UNUIIST:68,
AUTHOR       = "Jan A. Bergstra and Cornelis A. Middelburg",
TITLE        = "{Process Algebra Semantics of $\varphi$SDL}",
INSTITUTION  = "{\sf UNU/IIST}",
ORGANISATION = "International Institute for Software
                  Technology, United Nations University",
TYPE         = "Research Report",
NUMBER       = "68",
ADDRESS      = "P.O.Box 3058, Macau",
MONTH        = "April",
YEAR         = "1996",
NOTE         = ""}

@techreport{UNUIIST:69,
AUTHOR       = "T. Janowski and C.M. Acebedo",
TITLE        = "{Virtual Enterprise: On Refinement Towards an 
                ODP Architecture}",
INSTITUTION  = "{\sf UNU/IIST}",
ORGANISATION = "International Institute for Software
                  Technology, United Nations University",
TYPE         = "Research Report",
NUMBER       = "69",
ADDRESS      = "P.O.Box 3058, Macau",
MONTH        = "May",
YEAR         = "1996",
NOTE         = "\dbabstract{We formally capture the notion of a
		  virtual enterprise -- a rapidly configured (and
		  continuously reconfiguring) collection of enterpises
		  acting together to produce specific product(s). In a
		  sequence 
of refinements and using the trader concept of the emerging ODP (Open
		  Distributed Processing) standard, we make the model
		  increasingly flexible and dynamic. We justify each
		  step by showing that up to 
some internal details, the resulting models are nothing more than
		  implementations of the initial enterprise model. As
		  the formal notation we use RSL, the RAISE
		  specification language. The outcome of this 
paper can further be used, we believe, to provide architectural
		  foundations for studying more concrete concepts
		  (like development of information infrastructures) in
		  enterprise integration}"} 
 
@techreport{UNUIIST:70,
AUTHOR       = "Li Xuan Dong and Dang Van Hung",
TITLE        = "{Checking Linear Duration invariants by Linear Programming}",
INSTITUTION  = "{\sf UNU/IIST}",
ORGANISATION = "International Institute for Software
                  Technology, United Nations University",
TYPE         = "Research Report",
NUMBER       = "70",
ADDRESS      = "P.O.Box 3058, Macau",
MONTH        = "May",
YEAR         = "1996",
NOTE         = "\BREAK Published in Joxan Jaffar and Roland H. C. yap (Eds.),
		  {\em Concurrency and Palalellism,
		  Programming, Networking, and Securiry}
		  LNCS 1179, 
    Springer-Verlag, Dec 1996, pp. 321--332"}

@techreport{UNUIIST:71,
AUTHOR       = "Ngo Quoc Tao",
TITLE        = "{A Formal Specification of Realm -- Spatial Data Type}", 
INSTITUTION  = "{\sf UNU/IIST}",
ORGANISATION = "International Institute for Software
                  Technology, United Nations University",
TYPE         = "Research Report",
NUMBER       = "71",
ADDRESS      = "P.O.Box 3058, Macau",
MONTH        = "April",
YEAR         = "1996",
NOTE         = ""}

@techreport{UNUIIST:72,
AUTHOR       = "Xu Qiwen",
TITLE        = "{Semantics and Verification of the Extended Phase
                Transition Systems in the Duration Calculus}",
INSTITUTION  = "{\sf UNU/IIST}",
ORGANISATION = "International Institute for Software
                  Technology, United Nations University",
TYPE         = "Research Report",
NUMBER       = "72",
ADDRESS      = "P.O.Box 3058, Macau",
MONTH        = "June",
YEAR         = "1996",
NOTE         = ""}

@techreport{UNUIIST:73,
AUTHOR       = "Xu Qiwen and Yang Zengyu",
TITLE        = "{Derivation of Control Programs: a Heating System}",
INSTITUTION  = "{\sf UNU/IIST}",
ORGANISATION = "International Institute for Software
                  Technology, United Nations University",
TYPE         = "Research Report",
NUMBER       = "73",
ADDRESS      = "P.O.Box 3058, Macau",
MONTH        = "June",
YEAR         = "1996",
NOTE         = ""}

@techreport{UNUIIST:74,
AUTHOR       = "Dao Nam Anh and Richard Moore",
TITLE        = "{Formal Modelling of Large Domains --- with an
		  Application to Airline Business}",
INSTITUTION  = "{\sf UNU/IIST}",
ORGANISATION = "International Institute for Software
                  Technology, United Nations University",
TYPE         = "Technical Report",
NUMBER       = "74",
ADDRESS      = "P.O.Box 3058, Macau",
MONTH        = "June",
YEAR         = "1996",
NOTE         = "Revised: September 1996. \dbabstract{There are many
		  examples of the use of the technique of domain
		  analysis for modelling software systems in the
		  initial stages of their development, although the
		  case studies chosen are often of 
small systems or of small parts of large systems. In this paper we
		  show that the techniques can be as readily applied
		  to very large domains and how a manageable formal
		  model of the domain can be obtained 
by abstracting appropriately. We illustrate this with a case study
		  based on the airline business domain. We also
		  discuss how this formal model can be developed
		  towards software support systems for the 
airline industry which capture a wide range of different requirements, and how it might be applied more generally}"}

@techreport{UNUIIST:75,
AUTHOR       = "Myatav Erdenechimeg and Richard Moore",
TITLE        = "{Multi-directional Multi-lingual Script Processing}",
INSTITUTION  = "{\sf UNU/IIST}",
ORGANISATION = "International Institute for Software
                  Technology, United Nations University",
TYPE         = "Technical Report",
NUMBER       = "75",
ADDRESS      = "P.O.Box 3058, Macau",
MONTH        = "June",
YEAR         = "1996",
NOTE         = "\dbabstract{Although there are increasingly many text
		  processing systems which support multiple languages,
		  the majority of these do not allow the different
		  languages to retain their traditional writing 
direction, instead imposing either that of the European families of
		  languages (each line of text read left to right;
		  lines ordered top to bottom) or that of the language
		  of the country in which the software was 
written. In this paper we present a model of documents which not only
		  allows the writing direction of a document as a
		  whole to be defined but also describes multi-lingual
		  documents in which different pieces 
of text have different writing directions. We also discuss the design
		  of a software system based on this model which
		  allows text in different languages which has been
		  generated using existing text 
processing tools to be combined into a single multi-lingual document}"}
		  		  		  
@techreport{UNUIIST:76,
AUTHOR       = "Ngo Quoc Tao and Dang Van Hung and Tomasz Janowski",
TITLE        = "{Sources on Map Generalization}",
INSTITUTION  = "{\sf UNU/IIST}",
ORGANISATION = "International Institute for Software
                  Technology, United Nations University",
TYPE         = "Administrative Report",
NUMBER       = "76",
ADDRESS      = "P.O.Box 3058, Macau",
MONTH        = "24 July",
YEAR         = "1996",
NOTE         = ""}

@techreport{UNUIIST:77,
AUTHOR       = "Mao Xiaoguang and Xu Qiwen and Wang Ji",
TITLE        = "{Towards a Proof Assistant for Interval Logics}",
INSTITUTION  = "{\sf UNU/IIST}",
ORGANISATION = "International Institute for Software
                  Technology, United Nations University",
TYPE         = "Research Report",
NUMBER       = "77",
ADDRESS      = "P.O.Box 3058, Macau",
MONTH        = "July",
YEAR         = "1996",
NOTE         = ""}

@techreport{UNUIIST:78,
AUTHOR       = "Venkat P Reddy",
TITLE        = "{A First Course in Software Engineering}",
INSTITUTION  = "{\sf UNU/IIST}",
ORGANISATION = "International Institute for Software
                  Technology, United Nations University",
TYPE         = "Technical Report",
NUMBER       = "78",
ADDRESS      = "P.O.Box 3058, Macau",
MONTH        = "July",
YEAR         = "1996",
NOTE         = ""}
		  
@techreport{UNUIIST:79,
AUTHOR       = "Yu Huiqun",
TITLE        = "{A Course of Formal Methods in Software Development}",
INSTITUTION  = "{\sf UNU/IIST}",
ORGANISATION = "International Institute for Software
                  Technology, United Nations University",
TYPE         = "Technical Report",
NUMBER       = "79",
ADDRESS      = "P.O.Box 3058, Macau",
MONTH        = "August",
YEAR         = "1996",
NOTE         = ""}
		  
		  		  		  
@techreport{UNUIIST:80,
EDITOR       = "P.A.V.Hall [D.Bj{\o}rner, Z.Mikolajuk]",
AUTHOR       = "Expert Group (Eds.: P.A.V.Hall [D.Bj{\o}rner, Z.Mikolajuk])",
TITLE        = "{Decision Support Systems for Sustainable Develpoment:
		  Experience and Potential --- a Position Paper}",
INSTITUTION  = "{\sf UNU/IIST}",
ORGANISATION = "International Institute for Software
                  Technology, United Nations University",
TYPE         = "Administrative Report",
NUMBER       = "80",
ADDRESS      = "P.O.Box 3058, Macau",
MONTH        = "August",
YEAR         = "1996",
NOTE         = ""}
		
@techreport{UNUIIST:81,
AUTHOR       = "Do Tien Dung and Le Linh Chi and Nguyen Le Thu and
Phung Phuong Nam and Tran Mai Lien and Chris W. George",
TITLE        = "{Developing a Financial Information System}",
INSTITUTION  = "{\sf UNU/IIST}",
ORGANISATION = "International Institute for Software
                  Technology, United Nations University",
TYPE         = "Technical Report",
NUMBER       = "81",
ADDRESS      = "P.O.Box 3058, Macau",
MONTH        = "September",
YEAR         = "1996",
NOTE         = ""}

		

@techreport{UNUIIST:82,
AUTHOR       = "Cornelis A. Middelburg",
TITLE        = "{Truth of  Duration Calculus Formulae in Timed Frames}",
INSTITUTION  = "{\sf UNU/IIST}",
ORGANISATION = "International Institute for Software
                  Technology, United Nations University",
TYPE         = "Research Report",
NUMBER       = "82",
ADDRESS      = "P.O.Box 3058, Macau",
MONTH        = "September",
YEAR         = "1996",
NOTE         = ""}
		  
@techreport{UNUIIST:83,
AUTHOR       = "Tan Xinming",
TITLE        = "{Enquiring about Bus Transport--Formal Development using RAISE}",
INSTITUTION  = "{\sf UNU/IIST}",
ORGANISATION = "International Institute for Software
                  Technology, United Nations University",
TYPE         = "Technical Report",
NUMBER       = "83",
ADDRESS      = "P.O.Box 3058, Macau",
MONTH        = "September",
YEAR         = "1996",
NOTE         = "\dbabstract{This is a case study of formal software
		  development using RAISE. A city's bus transport
		  system has been chosen as a study object by
		  concentrating on enquiry aspects. All the
		  development 
procedures from Specification, Refinement to Translation are presented
		  in this report}"} 

		  
		  
@techreport{UNUIIST:84,
AUTHOR       = "Nguyen Quoc Toan",
TITLE        = "{An Example for the RAISE Development
method: University School Administration}",
INSTITUTION  = "{\sf UNU/IIST}",
ORGANISATION = "International Institute for Software
                  Technology, United Nations University",
TYPE         = "Technical Report",
NUMBER       = "84",
ADDRESS      = "P.O.Box 3058, Macau",
MONTH        = "September",
YEAR         = "1996",
NOTE         = "\dbabstract{This is an example using the RAISE method
		  in software development for courses on RSL and on
		  the RAISE development method. There are some
		  Specifications for a school of a University using 
the RAISE Specification Language. The first one is an applicative
		  specification, and then the concurrent applicative
		  one directly from the applicative one. The third one
		  is an imperative specification and then 
the fourth is a concurrent imperative specification developed from the third}"}  
		  
@techreport{UNUIIST:85,
EDITOR       = "{Margaret Stuart}",
AUTHOR       = "Dines Bj{\o}rner",
TITLE        = "{UNU/IIST Annual Report 1996}",
INSTITUTION  = "{\sf UNU/IIST}",
ORGANISATION = "International Institute for Software
                  Technology, United Nations University",
TYPE         = "Administrative Report",
NUMBER       = "85",
ADDRESS      = "P.O.Box 3058, Macau",
MONTH        = "October",
YEAR         = "1996",
NOTE         = ""}  
		  
		  
@techreport{UNUIIST:86,
AUTHOR       = "Manoranjan Satpathy and Dang Van Hung and Paritosh K. Pandya",
TITLE        = "{Some Results on The Decidability of Duration Calculus
		  under Synchronous Interpretation}",
INSTITUTION  = "{\sf UNU/IIST}",
ORGANISATION = "International Institute for Software
                  Technology, United Nations University",
TYPE         = "Research Report",
NUMBER       = "86",
ADDRESS      = "P.O.Box 3058, Macau",
MONTH        = "December",
YEAR         = "1996",
NOTE         = ""}
		  
@techreport{UNUIIST:87,
AUTHOR       = "Jan A. Bergstra and Cornelis A. Middelburg",
TITLE        = "{Process Algebraic Underpinning of  
                   Communication and Timing in SDL}",
INSTITUTION  = "{\sf UNU/IIST}",
ORGANISATION = "International Institute for Software
                  Technology, United Nations University",
TYPE         = "Research Report",
NUMBER       = "87",
ADDRESS      = "P.O.Box 3058, Macau",
MONTH        = "December",
YEAR         = "1996",
NOTE         = ""} 
		  
		  
@techreport{UNUIIST:88,
AUTHOR       = "Nikolaj Nikitchenko",
TITLE        = "{Towards Foundations of a General Theory of
		  Transport Domains}", 
INSTITUTION  = "{\sf UNU/IIST}",
ORGANISATION = "International Institute for Software
                  Technology, United Nations University",
TYPE         = "Research Report",
NUMBER       = "88",
ADDRESS      = "P.O.Box 3058, Macau",
MONTH        = "December",
YEAR         = "1996",
NOTE         =  "A later version, with Bo Stig Hansen 
                 (Department of IT, Technical University
                  of Denmark, 2800 Lyngby) as 
                 coauthor, was published in proceedings
                 from a Kiev, Ukraine, computer science
                 conference, 1998.
\dbabstract{The aim of this report is to present the
		  basic abstractions and basic restrictions of
		  transport domains and construct their various
		  models. Among them we determine evolutionary
		  transition models 
and general transport models which describe transport domains at the
		  highest levels of abstraction and
		  generality. Spatial, timed, and controlled transport
		  models are also considered. The models constructed 
can be represented by associated ``transport'' logics. Models are
		  built in a ``top-down'' style according to LSD
		  principles. RSL and the RAISE tools are used to
		  describe the models constructed}"} 
			  
		  		 		  		  
			  		  		  
@techreport{UNUIIST:89,
AUTHOR       = "Dines Bj{\o}rner",
TITLE        = "{LSD: Logical Systems Development}",
INSTITUTION  = "{\sf UNU/IIST}",
ORGANISATION = "International Institute for Software
                  Technology, United Nations University",
TYPE         = "Lecture Note Compendium",
NUMBER       = "89",
ADDRESS      = "P.O.Box 3058, Macau",
MONTH        = "Summer",
YEAR         = "1996",
NOTE         = "\BREAK The report has been replaced by UNU/IIST Report 95"}
		 
		  
		  
@techreport{UNUIIST:90,
AUTHOR       = "Dines Bj{\o}rner",
TITLE        = "{UN's Software Technology R\&D in Africa, Asia,
		  Eastern Europe, and Latin America --- A Personal View}",
INSTITUTION  = "{\sf UNU/IIST}",
ORGANISATION = "International Institute for Software
                  Technology, United Nations University",
TYPE         = "Research Report",
NUMBER       = "90",
ADDRESS      = "P.O.Box 3058, Macau",
MONTH        = "May",
YEAR         = "1997",
NOTE         = ""}  
		  
@techreport{UNUIIST:91,
AUTHOR       = "Chao Chen Zhou and Michael R. Hansen",
TITLE        = "{An Adequate First Interval Order Logic}",
INSTITUTION  = "{\sf UNU/IIST}",
ORGANISATION = "International Institute for Software
                  Technology, United Nations University",
TYPE         = "Research Report",
NUMBER       = "91",
ADDRESS      = "P.O.Box 3058, Macau",
MONTH        = "December",
YEAR         = "1996",
NOTE         = ""}  
		  
@techreport{UNUIIST:92,
AUTHOR       = "Tomasz Janowski and Rumel V. Atienza",
TITLE        = "{A Formal Model For Competing Enterprises, 
                 Applied to Marketing Decision-Making}",
INSTITUTION  = "{\sf UNU/IIST}",
ORGANISATION = "International Institute for Software
                  Technology, United Nations University",
TYPE         = "Research Report",
NUMBER       = "92",
ADDRESS      = "P.O.Box 3058, Macau",
MONTH        = "January",
YEAR         = "1997",
NOTE         = "\dbabstract{Marketing models have long been used by
		  enterprises to predict and optimize the effects of
		  their decision-making, relative to their
		  competitors. Recently enterprise models are also
		  being used, 
aiming at improved coordination within an enterprise. The paper
		  presents a combination of both models, that is a
		  model for enterprises competing in a one-product
		  market, and shows its use for marketing 
decision-making. The model is built in stages: market without
		  marketing, marketing without limits (four Ps:
		  product, price, place and promotion) and marketing
		  under limited resources (four Ms: man, 
machines, materials and money). Before we apply the model, we justify
		  abstraction, down to considering two virtual
		  enterprises (competing against and cooperating with
		  the firm) competing for a virtual 
consumer. Then the search for the optimal marketing mix (four Ps)
		  under given constraints (four Ms) is captured as a
		  standard optimisation problem and solved by the
		  simplex algorithm. For the formal 
notation we use RSL, the RAISE Specification Language}"}  
		  
	  
@techreport{UNUIIST:93,
AUTHOR       = "Dines Bj{\o}rner and Chris W. George and Bo Stig
		  Hansen and Hans Laustrup and S{\o}ren Prehn",
TITLE        = "{A Railway System, Coordination'97, Case Study
		  Workshop Example}", 
INSTITUTION  = "{\sf UNU/IIST}",
ORGANISATION = "International Institute for Software
                  Technology, United Nations University",
TYPE         = "Research Report",
NUMBER       = "93",
ADDRESS      = "P.O.Box 3058, Macau",
MONTH        = "January",
YEAR         = "1997",
NOTE         ="\dbabstract{This report presents a solution to the
		  problem presented by the organisers of a Case Study
		  Workshop in connection with {\sf Coordination'97:}
		  the second international conference on Coordination 
Models and Languages, Berlin, September 4, 1997. 
The solution covers three stages of development: a domain theory of
		  railway systems, a set of requirements definitions,
		  a computing systems architecture and program
		  organisation. All stages are both 
informally and formally described in The RAISE Specification Lauguage,
		  and correctness relations between stages are
		  formally expressed using The RAISE Method
		  Implementation Relation}"}  
	
		  
@techreport{UNUIIST:94,
AUTHOR       = "Dines Bj{\o}rner et al. (Eds.)",
TITLE        = "{Design Calculi in Action --- Five Years of R\&D at
		  {\sf UNU/IIST}}",
INSTITUTION  = "{\sf UNU/IIST}",
ORGANISATION = "International Institute for Software
                  Technology, United Nations University",
TYPE         = "Research Report",
NUMBER       = "94",
ADDRESS      = "P.O.Box 3058, Macau",
MONTH        = "January",
YEAR         = "1997",
NOTE         = "\BREAK Vols. I--VII. Approx. 2,300 pages. Draft
		  Compendium"}

@techreport{UNUIIST:95,
AUTHOR       = "Dines Bj{\o}rner",
TITLE        = "{LSD: Logical Systems Development}",
INSTITUTION  = "{\sf UNU/IIST}",
ORGANISATION = "International Institute for Software
                  Technology, United Nations University",
TYPE         = "Research Report",
NUMBER       = "95",
ADDRESS      = "P.O.Box 3058, Macau",
MONTH        = "January",
YEAR         = "1997",
NOTE         = "\BREAK Draft Compendium. Incomplete. Not for circulation"}  

@techreport{db:UNUIIST:96,
AUTHOR       = "Dines Bj{\o}rner",
TITLE        = "{Models of Financial Services \& Industries}",
INSTITUTION  = "{\sf UNU/IIST}",
ORGANISATION = "International Institute for Software
                  Technology, United Nations University",
TYPE         = "Research Report",
NUMBER       = "96",
ADDRESS      = "P.O.Box 3058, Macau",
MONTH        = "January",
YEAR         = "1997",
NOTE         = "\BREAK Incomplete Draft Report"}  
		  
@techreport{UNUIIST:97,
AUTHOR       = "Suman Roy and Chao Chen Zhou",
TITLE        = "{Notes on Neigborhood Logic}",
INSTITUTION  = "{\sf UNU/IIST}",
ORGANISATION = "International Institute for Software
                  Technology, United Nations University",
TYPE         = "Research Report",
NUMBER       = "97",
ADDRESS      = "P.O.Box 3058, Macau",
MONTH        = "February",
YEAR         = "1997",
NOTE         = ""}
  	  
@techreport{UNUIIST:98,
AUTHOR       = "J.A. Bergstra and C.A. Middelburg and
	  R. {\c{S}oricu\c{t}}",
TITLE        = "{Discrete Time Network Algebra for a Semantic Foundation
		  of {SDL}}",
INSTITUTION  = "{\sf UNU/IIST}",
ORGANISATION = "International Institute for Software
                  Technology, United Nations University",
TYPE         = "Research Report",
NUMBER       = "98",
ADDRESS      = "P.O.Box 3058, Macau",
MONTH        = "May",
YEAR         = "1997",
NOTE         = ""}

@techreport{UNUIIST:99,
AUTHOR       = "C.A. Middelburg and Y.S. Ussenko",
TITLE        = "{Towards a Semantics of {$\varphi$SDL} suitable for
		  Model Checking}",
INSTITUTION  = "{\sf UNU/IIST}",
ORGANISATION = "International Institute for Software
                  Technology, United Nations University",
TYPE         = "Research Report",
NUMBER       = "99",
ADDRESS      = "P.O.Box 3058, Macau",
MONTH        = "May",
YEAR         = "1997",
NOTE         = ""}

@techreport{UNUIIST:100,
AUTHOR       = "C.A. Middelburg and B. Warinschi",
TITLE        = "{Timed Frame Model for Discrete Time Process
		  Algebra}",
INSTITUTION  = "{\sf UNU/IIST}",
ORGANISATION = "International Institute for Software
                  Technology, United Nations University",
TYPE         = "Research Report",
NUMBER       = "100",
ADDRESS      = "P.O.Box 3058, Macau",
MONTH        = "May",
YEAR         = "1997",
NOTE         = ""}
		  	 	  

@techreport{UNUIIST:101,
AUTHOR       = "Fu Hongguang, Yang Lu and Chao Chen Zhou",
TITLE        = "{A Computer-Aided Geometric Approach to
                 Inverse Kinematics}",
INSTITUTION  = "{\sf UNU/IIST}",
ORGANISATION = "International Institute for Software
                  Technology, United Nations University",
TYPE         = "Research Report",
NUMBER       = "101",
ADDRESS      = "P.O.Box 3058, Macau",
MONTH        = "April",
YEAR         = "1997",
NOTE 	     = ""}  	
		  
@techreport{UNUIIST:102,
AUTHOR       = "Dines Bj{\o}rner and Souleymane
  Koussoube and Roger Noussi and Gueorgui Satchok",
TITLE        = "{Jackson's Problem Frames: 
Syntax, Semantics and Pragmatics;
Domains, Requirements and Design}",
INSTITUTION  = "{\sf UNU/IIST}",
ORGANISATION = "International Institute for Software
                  Technology, United Nations University",
TYPE         = "Research Report",
NUMBER       = "102",
ADDRESS      = "P.O.Box 3058, Macau",
MONTH        = "April",
YEAR         = "1997",
NOTE 	     = ""} 
 		  
@techreport{UNUIIST:103,
AUTHOR       = "Dang Van Hung",
TITLE        = "{Modelling and Verificaton of Biphase Mark Protocols
		  in Duration Calculus Using PVS/DC$^-$}",
INSTITUTION  = "{\sf UNU/IIST}",
ORGANISATION = "International Institute for Software
                  Technology, United Nations University",
TYPE         = "Research Report",
NUMBER       = "103",
ADDRESS      = "P.O.Box 3058, Macau",
MONTH        = "April",
YEAR         = "1997",
NOTE 	     = "  "}  	
			  
@techreport{UNUIIST:104,
AUTHOR       = "Jose Nuno Oliveira",
TITLE        = "{\sf SETS --- A Data Structuring Calculus and Its
		  Application to Program 
                 Development}",
INSTITUTION  = "{\sf UNU/IIST}",
ORGANISATION = "International Institute for Software
                Technology, United Nations University",
TYPE         = "Research Report",
NUMBER       = "104",
ADDRESS      = "P.O.Box 3058, Macau",
MONTH        = "May",
YEAR         = "1997",
NOTE 	     = "Lecture Notes of SETS Calculus Course, UNU/IIST, 5--16
		  May 1997"}  	 

		
@techreport{UNUIIST:105,
AUTHOR       = "Myatav Erdenechimeg and Richard Moore and Yumbayar Namsrai",
TITLE        = "{MultiScript I: The Basic Model of Multi-lingual Documents}",
INSTITUTION  = "{\sf UNU/IIST}",
ORGANISATION = "International Institute for Software
                  Technology, United Nations University",
TYPE         = "Technical Report",
NUMBER       = "105",
ADDRESS      = "P.O.Box 3058, Macau",
MONTH        = "June",
YEAR         = "1997",
NOTE         = ""}
		    
@techreport{UNUIIST:106,
AUTHOR       = "Hoang Thi Tung Lam and Richard Moore",
TITLE        = "{Specification of a Switching Communications System}",
INSTITUTION  = "{\sf UNU/IIST}",
ORGANISATION = "International Institute for Software
                  Technology, United Nations University",
TYPE         = "Technical Report",
NUMBER       = "106",
ADDRESS      = "P.O.Box 3058, Macau",
MONTH        = "May",
YEAR         = "1997",
NOTE         = ""}

		  
		  
@techreport{UNUIIST:107,
AUTHOR       = "Roger Noussi",
TITLE        = "{An Efficient Construction of a Domain Theory for  Resources
Management: A Case Study}",
INSTITUTION  = "{\sf UNU/IIST}",
ORGANISATION = "International Institute for Software
                Technology, United Nations University",
TYPE         = "Research Report",
NUMBER       = "107",
ADDRESS      = "P.O.Box 3058, Macau",
MONTH        = "May",
YEAR         = "1997",
NOTE 	     = ""}  	
		  
		    
@techreport{UNUIIST:108,
AUTHOR       = "Souleymane Koussoub\'e",
TITLE        = "{Knowledge-Based Systems: Formalisation
and Applications to Insurance}",
INSTITUTION  = "{\sf UNU/IIST}",
ORGANISATION = "International Institute for Software
                Technology, United Nations University",
TYPE         = "Research Report",
NUMBER       = "108",
ADDRESS      = "P.O.Box 3058, Macau",
MONTH        = "May",
YEAR         = "1997",
NOTE 	     = ""}  	
	  
@techreport{UNUIIST:110,
AUTHOR       = "Gueorgui Satchok",
TITLE        = "{Metropolitan In-street On-route Passenger Transport:
                  Monitoring and Control. Technical}", 
INSTITUTION  = "{\sf UNU/IIST}",
ORGANISATION = "International Institute for Software
                Technology, United Nations University",
TYPE         = "Research Report",
NUMBER       = "110",
ADDRESS      = "P.O.Box 3058, Macau",
MONTH        = "June",
YEAR         = "1997",
NOTE 	     = ""}


@PhdThesis{karlleung,
AUTHOR       = "Karl Leung",
TITLE        = "A Study of the Air Traffic Domain",
SCHOOL       = "Hong Kong University",
YEAR       = "1998",
ADDRESS       = "Pok Fu Lam, Hong Kong",
NOTE       = ""}
		  