
 @inproceedings{jcpw+ab:1533,
 author = {A Butterfield and J Woodcock},
 title = {{Semantics of Prialt in Handel-C}},
 month = {unknown},
 year = {2002},
 pages = {},
 keywords = {},
 note = {},
 url = {http://www.cs.ukc.ac.uk/pubs/2002/1533},
 publication_type = {inproceedings},
 submission_id = {19777_1034344449},
 booktitle = {Concurrent Systems Engineering, Proceedings of the Conference on Communicating Processing Architectures},
 publisher = {IOS Press},
 } 

 @inproceedings{jcpw:1534,
 author = {JCP Woodcock},
 title = {{Semantics of Parallel Programming Languages in the Unifying
		  Theory}}, 
 month = {unknown},
 year = {2002},
 pages = {},
 keywords = {},
 note = {},
 url = {http://www.cs.ukc.ac.uk/pubs/2002/1534},
 publication_type = {inproceedings},
 submission_id = {19849_1034344696},
 booktitle = {Logic and Algebra for Engineering Software},
 publisher = {IOS Press},
 } 
		  
 @inproceedings{alcc+acas+jcpw:1478,
 author = {ALC Cavalcanti and ACA Sampaio and JCP Woodcock},
 title = {{Refinement of Actions in Circus}},
 month = {unknown},
 year = {2002},
 pages = {},
 keywords = {},
 note = {Invited Paper},
 url = {http://www.cs.ukc.ac.uk/pubs/2002/1478},
 publication_type = {inproceedings},
 submission_id = {4556_1028819929},
 booktitle = {Proceedings of REFINE'2002},
 series = {Electronic Notes in Theoretical Computer Science},
 } 
	
 @inproceedings{acas+jcpw+alcc:1477,
 author = {ACA Sampaio and JCP Woodcock and ALC Cavalcanti},
 title = {{Refinement in Circus}},
 month = {unknown},
 year = {2002},
 pages = {451-470},
 keywords = {},
 note = {},
 url = {http://www.cs.ukc.ac.uk/pubs/2002/1477},
 publication_type = {inproceedings},
 submission_id = {4494_1028819784},
 booktitle = {FME 2002: Formal Methods - Getting IT Right},
 editor = {L Eriksson and PA Lindsay},
 volume = {2391},
 series = {Lecture Notes in Computer Science},
 publisher = {Springer-Verlag},
 } 


 @misc{jcpw+ah:1536,
 author = {JCP Woodcock and A Hughes},
 title = {{Unifying Theories of Parallel Programming}},
 month = {unknown},
 year = {2002},
 pages = {},
 keywords = {},
 note = {Notes for Marktoberdorf Summer School},
 url = {http://www.cs.ukc.ac.uk/pubs/2002/1536},
 publication_type = {misc},
 submission_id = {20058_1034345127},
 howpublished = {Technical University of Munich},
 } 
		  
		  
@Book{CARHoareHeJiFeng,
  author = 	 "C.A.R. Hoare and He Ji Feng",
  title = 	 "{Unifying Theories of Programming}",
  publisher = 	 "Prentice Hall",
  year = 	 "1997"}

 @inproceedings{jcpw-rail,
 author = {JCP Woodcock and AA McEwan},
 title = {{Verifying the Properties of a Railway Signalling Device}}, 
 month = {June},
 year = {2002},
 pages = {},
 keywords = {},
 note = {Winner of the Rudolph Christian Karl Diesel best paper
		  award}, 
 url = {http://www.cs.ukc.ac.uk/pubs/2002/1537},
 publication_type = {inproceedings},
 submission_id = {20154_1034345265},
 booktitle = {Proceedings of the International Conference on
		  Integrated Design and Process Technology}, 
 address = {Passadena},
 publisher = {IDPT Press},
 } 
		  
@article{cuhk-chi1,
author = {Chiu, C.K. and Chou, C.M. and Lee, J.H.M. and Leung, H.F. 
  and Leung, Y.W.},
title = {A Constraint-Based Interactive Train Rescheduling Tool},
journal = {Constraints},
volume = 7,
number = 2,
pages = {139--174},
publisher = {Kluwer Academic Publishers},
year = 2002
}

@inproceedings{cuhk-chi2,
  author = {Chiu, C.K. and Chou, C.M. and Lee, J.H.M.
    and Leung, H.F. and  Leung, Y.W.},
title = {A Constraint-Based Interactive Train Rescheduling Tool},
booktitle = {Proceedings of the Second International Conference on 
Principles and Practice of Constraint Programming (LNCS
       1118)},
pages = {104--118},
publisher = {Springer Verlag},
year = 1996
}


