


% Automatic generated BIB file
% Subjects:'VDM90' 'VDM91' 'FME93' 'FME94' 'FME96' 'FME97' 'VDM87' 'VDM88' 
% Source:dan.bib
%G B VDM88
@INPROCEEDINGS{vdmfme:Abrial88,
  KEY           = "Abrial88",
  AUTHOR        = "Jean--Raymond Abrial",
  TITLE         = "The B Tool (Abstract)",
  BOOKTITLE     = "{VDM '88 VDM -- The Way Ahead}",
  YEAR          = "1988",
  MONTH         = "September", 
  PAGES         = "86-87", 
  ANNOTE        = "",
  COMMENT       = ""}

%G VDM91 B
@INPROCEEDINGS{vdmfme:Abial91,
  KEY           = "Abrial91",
  AUTHOR        = "Jean--Raymond Abrial",
  TITLE         = "{The B Method for Large Software Specification, 
                   Design and Coding (Abstract)}",
  BOOKTITLE     = "{VDM '91: Formal Software Development Methods}",
  PUBLISHER     = "Springer-Verlag",
  YEAR          = "1991",
  MONTH         = "October",
  PAGES         = "398--405",
  NOTE          = "Volume 2",
  ANNOTE        = "",
  COMMENT       = "I have the entire proceedings. PGL"}

%G FME97 VDM IFADPUB TOOL                 
@INPROCEEDINGS{vdmfme:Agerholm&97d,
  KEY           = "Agerholm\&97",
  AUTHOR        = {Sten Agerholm and Jacob Frost},
  TITLE         = {Towards an Integrated CASE and Theorem Proving Tool for VDM-SL},
  BOOKTITLE     = {FME'97: Industrial Applications and Strengthened
  Foundations of Formal Methods (Proc. 4th Intl. Symposium of Formal
  Methods Europe, Graz, Austria, September 1997)},
  EDITOR        = {John Fitzgerald and Cliff B. Jones and Peter Lucas},
  VOLUME        = {1313},
  SERIES        = {Lecture Notes in Computer Science},
  PUBLISHER     = {Springer-Verlag},
  MONTH         = {September},
  NOTE          = {ISBN 3-540-63533-5},
  PAGES         = {278--297}}

%G FME97 VDM TOOL IFADPUB
@INPROCEEDINGS{vdmfme:Aichernig&97,
  KEY           = "Aichernig\&97",
  AUTHOR        = {Bernhard K. Aichernig and Peter Gorm Larsen},
  TITLE         = {A Proof Obligation Generator for VDM-SL},
  BOOKTITLE     = {FME'97: Industrial Applications and Strengthened
  Foundations of Formal Methods (Proc. 4th Intl. Symposium of Formal
  Methods Europe, Graz, Austria, September 1997)},
  EDITOR        = {John Fitzgerald and Cliff B. Jones and Peter Lucas},
  VOLUME        = {1313},
  SERIES        = {Lecture Notes in Computer Science},
  PUBLISHER     = {Springer-Verlag},
  MONTH         = {September},
  NOTE          = {ISBN 3-540-63533-5},
  PAGES         = {338--357},
  COMMENT       = "In ~papers PGL"}

%G VDM FOUND VDM87
@INCOLLECTION{vdmfme:Airchinnigh87a,
  KEY           = "Airchinnigh87",
  AUTHOR        = "M. Mac an Airchinnigh",
  TITLE         = "Mathematical Structures and their Morphisms in Meta-IV",
  BOOKTITLE     = "{VDM -- A Formal Method at Work}",
  PAGES         = "287-320", 
  PUBLISHER     = "Springer-Verlag",
  YEAR          = "1987",
  ANNOTE        = "",
  COMMENT       = ""}

%G VDM TUTOR VDM87
@INCOLLECTION{vdmfme:Airchinnigh87c,
  KEY           = "Airchinnigh87",
  AUTHOR        = "M. Mac an Airchinnigh",
  TITLE         = "Introduction to the VDM Tutorial",
  BOOKTITLE     = "{VDM -- A Formal Method at Work}",
  PAGES         = "356-361", 
  PUBLISHER     = "Springer-Verlag",
  YEAR          = "1987",
  ANNOTE        = "",
  COMMENT       = ""}

%G VDM TUTOR VDM87
@INCOLLECTION{vdmfme:Airchinnigh87d,
  KEY           = "Airchinnigh87",
  AUTHOR        = "M. Mac an Airchinnigh",
  TITLE         = "Specification by Data Types",
  BOOKTITLE     = "{VDM -- A Formal Method at Work}",
  PAGES         = "362-388", 
  PUBLISHER     = "Springer-Verlag",
  YEAR          = "1987",
  ANNOTE        = "",
  COMMENT       = ""}

%G VDM TUTOR VDM91
@INPROCEEDINGS{vdmfme:Airchinnigh91,
  KEY           = "Airchinnigh91",
  AUTHOR        = "M. Mac an Airchinnigh",
  EDITOR        = "S.\ Prehn and W.J.\ Toetenel",
  TITLE         = "Tutorial Lecture Notes on the Irish School of the VDM",
  BOOKTITLE     = "VDM'91 -- Formal Software Development Methods",
  PUBLISHER     = "Springer-Verlag",
  YEAR          = "1991",
  MONTH         = "October",
  PAGES         = "141--237",
  NOTE          = "LNCS 552",
  ANNOTE        = "",
  COMMENT       = "I have the proceedings PGL"}

%G FME96 OBJECT
@INPROCEEDINGS{vdmfme:Alencar&96,
  KEY           = "Alencar\&96",
  AUTHOR        = "P.S.C.\ Alencar, D.D.\ Cowan and C.J.P.\ Lucena",
  EDITOR        = "Marie-Claude Gaudel and Jim Woodcock",
  TITLE         = "{A Formal Approach to Architectureal Design Patterns}",
  BOOKTITLE     = "FME'96: Industrial Benefit and Advances in Formal Methods",
  PUBLISHER     = "Springer-Verlag",
  YEAR          = "1996",
  MONTH         = "March",
  PAGES         = "576--594",
  ANNOTE        = "",
  COMMENT       = "I have a copy PGL"}

%G FME97
@INPROCEEDINGS{vdmfme:Anderson&97,
  KEY           = "Anderson\&97",
  AUTHOR        = {Stuart Anderson and Konstantinos Tourlas},
  TITLE         = {Diagrams and Programming Languages for Programmable Controllers},
  BOOKTITLE     = {FME'97: Industrial Applications and Strengthened
  Foundations of Formal Methods (Proc. 4th Intl. Symposium of Formal
  Methods Europe, Graz, Austria, September 1997)},
  EDITOR        = {John Fitzgerald and Cliff B. Jones and Peter Lucas},
  VOLUME        = {1313},
  SERIES        = {Lecture Notes in Computer Science},
  PUBLISHER     = {Springer-Verlag},
  MONTH         = {September},
  NOTE          = {ISBN 3-540-63533-5},
  PAGES         = {1--19}}

%G VDM REFIN VDM87
@INCOLLECTION{vdmfme:Andrews87,
  KEY           = "Andrews87",
  AUTHOR        = "D. Andrews",
  TITLE         = "Data Reification and Program Decomposition",
  BOOKTITLE     = "{VDM -- A Formal Method at Work}",
  PAGES         = "389-400", 
  PUBLISHER     = "Springer-Verlag",
  YEAR          = "1987",
  ANNOTE        = "",
  COMMENT       = ""}

%G VDM MODULA LANG STD VDM88
@INPROCEEDINGS{vdmfme:Andrews&88,
  KEY           = "Andrews\&88",
  AUTHOR        = "Derek Andrews, Anjula Garg, S.P.A.\ Lau and 
                   J.R.\ Pitchers",
  EDITOR        = "R.\ Bloomfield, L.\ Marshall and R.\ Jones",
  TITLE         = "{The Formal Definition of Modula-2 and Its 
                   Associated Interpreter}",
  BOOKTITLE     = "{VDM '88 VDM -- The Way Ahead}",
  ORGANIZATION  = "VDM-Europe",
  PUBLISHER     = "Springer-Verlag",
  YEAR          = "1988",
  MONTH         = "September",
  PAGES         = "167--177",
  SIZE          = "11",
  ANNOTE        = "This paper describes how the standardisation of the
                   programming language Modula-2 is progressing. The
                   structure of an interpreter and a structured editor
                   is also presented. In addition there is interesting 
                   ideas of an ADT library similar to the ideas in the
                   IPTES project.",
  COMMENT       = "I have the proceedings and I have read it the 19/2-90
                   (PGL)."}

%G BSIVDM VDM IPTESINT STD VDM88
@INPROCEEDINGS{vdmfme:BSIstatus,
  KEY           = "Andrews\&88",
  AUTHOR        = "Derek Andrews",
  EDITOR        = "R.\ Bloomfield, L.\ Marshall and R.\ Jones",
  TITLE         = "{Report from the BSI Panel for the Standardization of VDM}",
  BOOKTITLE     = "{VDM '88 VDM -- The Way Ahead}",
  ORGANIZATION  = "VDM-Europe",
  PUBLISHER     = "Springer-Verlag",
  YEAR          = "1988",
  MONTH         = "September",
  PAGES         = "74--78",
  SIZE          = "5",
  ANNOTE        = "This paper provides the status of the BSI/VDM 
                   standardization project, and outline plans for 
                   future work.",
  COMMENT       = "I have the proceedings and I have read it in 1988
                   (PGL)."}

%G FME94 VDM TOOL PROOF PGLPHDINT
@INPROCEEDINGS{vdmfme:Anlauff&94,
  KEY           = "Anlauff\&94",
  AUTHOR        = "Matthias Anlauff, Stefan J{\"a}nnichen, Martin Simons",
  EDITOR        = "M. Naftalin, T. Denvir, M. Bertran",
  TITLE         = "An Experimental Support System for Formal
                  Mathematical Reasoning",
  BOOKTITLE     = "FME'94: Industrial Benefit of Formal Methods",
  PUBLISHER     = "Springer-Verlag",
  YEAR          = "1994",
  MONTH         = "October",
  PAGES         = "421-440",
  ANNOTE        = "",
  COMMENT       = "PGL has got the proceedings. ADN"}

%G FME96 APPLI CONCUR
@INPROCEEDINGS{vdmfme:Arnold&96,
  KEY           = "Arnold\&96",
  AUTHOR        = "Andr{\'e} Arnold, Didier B{\'e}gay and Jean-Pierre Radoux",
  EDITOR        = "Marie-Claude Gaudel and Jim Woodcock",
  TITLE         = "{An Example of Use of Formal Methods to Debug an
                   Embedded Software}",
  BOOKTITLE     = "FME'96: Industrial Benefit and Advances in Formal Methods",
  PUBLISHER     = "Springer-Verlag",
  YEAR          = "1996",
  MONTH         = "March",
  PAGES         = "649--661",
  ANNOTE        = "",
  COMMENT       = "I have a copy PGL"}

%G VDM ML PROTO VDM88
@INPROCEEDINGS{vdmfme:Arthan88,
  KEY           = "Arthan 88",
  AUTHOR        = "R.D. Arthan",
  TITLE         = "Compiler Prototyping with VDM and Standard ML",
  BOOKTITLE     = "VDM '88 VDM -- The Way Ahead",
  YEAR          = "1988",
  MONTH         = "September", 
  PAGES         = "101-115", 
  ANNOTE        = "",
  COMMENT       = ""}

%G VDM91 PRROF TOOL Z
@INPROCEEDINGS{vdmfme:Arthan91,
  KEY           = "Arthan91",
  AUTHOR        = "R.D.\ Arthan",
  TITLE         = "{On Formal Specification pf a Proof Tool}",
  BOOKTITLE     = "{VDM '91: Formal Software Development Methods}",
  PUBLISHER     = "Springer-Verlag",
  YEAR          = "1991",
  MONTH         = "October",
  PAGES         = "356--370",
  ANNOTE        = "",
  COMMENT       = "I have the entire proceedings. PGL"}

%G FME93 CONCUR
@INPROCEEDINGS{vdmfme:Astesiano&93,
  KEY           = "Astesiano\&93",
  AUTHOR        = "Egidio Astesiano \& Gianna Reggio",
  EDITOR        = "J.C.P.\ Woodcock and P.G.\ Larsen",
  TITLE         = "A Metalanguage for the Formal Requirement Specification
                   of Reactive Systems",
  BOOKTITLE     = "FME'93: Industrial-Strength Formal Methods",
  ORGANIZATION  = "Formal Methods Europe",
  PUBLISHER     = "Springer-Verlag",
  ADDRESS       = "",
  YEAR          = "1993",
  MONTH         = "April",
  PAGES         = "110--128",
  SIZE          = "19",
  NOTE          = "Lecture Notes in Computer Science 670",
  ANNOTE        = "",
  COMMENT       = ""}

%G FME97
@INPROCEEDINGS{vdmfme:Ayadi&97,
  KEY           = "Ayadi\&97",
  AUTHOR        = {Marc Mehdi Ayadi and Dominique Bolignano},
  TITLE         = {Verification of Cryptographic Protocols: An Experiment},
  BOOKTITLE     = {FME'97: Industrial Applications and Strengthened
  Foundations of Formal Methods (Proc. 4th Intl. Symposium of Formal
  Methods Europe, Graz, Austria, September 1997)},
  EDITOR        = {John Fitzgerald and Cliff B. Jones and Peter Lucas},
  VOLUME        = {1313},
  SERIES        = {Lecture Notes in Computer Science},
  PUBLISHER     = {Springer-Verlag},
  MONTH         = {September},
  NOTE          = {ISBN 3-540-63533-5},
  PAGES         = {358--377}}

%G FME94 STRUCT ACTION
@INPROCEEDINGS{vdmfme:Back&94,
  KEY           = "Back\&94",
  AUTHOR        = "R.J.R. Back, K. Sere",
  EDITOR        = "M. Naftalin, T. Denvir, M. Bertran",
  TITLE         = "From Action Systems to Modular Systems",
  BOOKTITLE     = "FME'94: Industrial Benefit of Formal Methods",
  PUBLISHER     = "Springer-Verlag",
  YEAR          = "1994",
  MONTH         = "October",
  PAGES         = "1-25",
  ANNOTE        = "",
  COMMENT       = "PGL has the proceedings. ADN"}
  
%G FME93 CONCUR
@INPROCEEDINGS{vdmfme:Barrett93,
  KEY           = "Barrett93",
  AUTHOR        = "Geoff Barrett",
  EDITOR        = "J.C.P.\ Woodcock and P.G.\ Larsen",
  TITLE         = "Model Checking in Practice: the T9000 Virtual Channel
                   Processor",
  BOOKTITLE     = "FME'93: Industrial-Strength Formal Methods",
  ORGANIZATION  = "Formal Methods Europe",
  PUBLISHER     = "Springer-Verlag",
  ADDRESS       = "",
  YEAR          = "1993",
  MONTH         = "April",
  PAGES         = "129--147",
  SIZE          = "19",
  NOTE          = "Lecture Notes in Computer Science 670",
  ANNOTE        = "",
  COMMENT       = ""}

%G BSIVDM VDM STRUCT IPTESINT KDBINT VDM88
@INPROCEEDINGS{vdmfme:Bear88,
  KEY           = "Bear88",
  AUTHOR        = "Stephen Bear",
  TITLE         = "{Structuring for the VDM Specification Language.}",
  BOOKTITLE     = "{VDM '88 VDM -- The Way Ahead}",
  ORGANIZATION  = "VDM-Europe",
  PUBLISHER     = "Springer-Verlag",
  YEAR          = "1988",
  MONTH         = "September",
  PAGES         = "2--25",
  SIZE          = "24",
  ANNOTE        = "A proposal for a scheme of structuring for the BSI-VDM
                   Specification Language is presented. The proposal has
                   the advantage that the import relation may be cyclic
                   and it separates the semantics of
                   the structuring concepts from the semantics of the core
                   language.",
  COMMENT       = "I have a hardcopy and I have a copy of the whole 
                   proceedings (PGL)."}

%G VDM91 
@INPROCEEDINGS{vdmfme:Bear91,
  KEY           = "Bear91",
  AUTHOR        = "Stephen Bear",
  TITLE         = "{An Overview of HP-SL}",
  BOOKTITLE     = "{VDM '91: Formal Software Development Methods}",
  PUBLISHER     = "Springer-Verlag",
  YEAR          = "1991",
  MONTH         = "October",
  PAGES         = "571--587",
  ANNOTE        = "",
  COMMENT       = "I have the entire proceedings. PGL"}

%G METASOFT VDM90
@INPROCEEDINGS{vdmfme:Bednarczyk&90a,
  KEY           = "Bednarczyk\&90",
  AUTHOR        = "Marek A.\ Bednarczyk, Andrzej M.\ Borzyszkowski, and
                   Wies\l aw Paw\l owski",
  EDITOR        = "Dines Bj\o{}rner,  C.A.R.\ Hoare and Hans Langmaack", 
  TITLE         = "{Recursive Definitions Revisited}",
  BOOKTITLE     = "{VDM '90 VDM and Z -- Formal Methods in Software Development}",
  ORGANIZATION  = "VDM Europe",
  PUBLISHER     = "Springer-Verlag",
  YEAR          = "1990",
  MONTH         = "April",
  PAGES         = "452--476",
  SIZE          = "25",
  ANNOTE        = "",
  COMMENT       = "BIB. I have a copy of this article and I have the book in which
                   it is presented (PGL)."}

%G METASOFT VDM90
@INPROCEEDINGS{vdmfme:Bednarczyk&90b,
  KEY           = "Bednarczyk\&90",
  AUTHOR        = "Marek A.\ Bednarczyk, Andrzej M.\ Borzyszkowski, and
                   Wies\l aw Paw\l owski",
  EDITOR        = "Dines Bj\o{}rner,  C.A.R.\ Hoare and Hans Langmaack", 
  TITLE         = "{Towards the semantics of the definitional language of
                   MetaSoft}",
  BOOKTITLE     = "{VDM '90 VDM and Z -- Formal Methods in Software Development}",
  ORGANIZATION  = "VDM Europe",
  PUBLISHER     = "Springer-Verlag",
  YEAR          = "1990",
  MONTH         = "April",
  PAGES         = "477--503",
  SIZE          = "27",
  ANNOTE        = "",
  COMMENT       = "BIB. I have a copy of this article and I have the book in which
                   it is presented. I have been referee at an earlier
                   version of it (PGL)."}

%G VDM91 METASOFT
@INPROCEEDINGS{vdmfme:Bednarczyk&91,
  KEY           = "Bednarczyk\&91",
  AUTHOR        = "Marek A.\ Bednarczyk and Andrzej Borzyszkowski",
  TITLE         = "{Cpo's do not form a cpo, and yet recursion works}",
  BOOKTITLE     = "{VDM '91: Formal Software Development Methods}",
  PUBLISHER     = "Springer-Verlag",
  YEAR          = "1991",
  MONTH         = "October",
  PAGES         = "268--278",
  ANNOTE        = "",
  COMMENT       = "I have the entire proceedings. PGL"}

%G VDM91 Z
@INPROCEEDINGS{vdmfme:Benveniste91,
  KEY           = "Benveniste91",
  AUTHOR        = "Marc Benveniste",
  TITLE         = "{Writing Operational Semantics in Z: A Structural
                    Approach}",
  BOOKTITLE     = "{VDM '91: Formal Software Development Methods}",
  PUBLISHER     = "Springer-Verlag",
  YEAR          = "1991",
  MONTH         = "October",
  PAGES         = "164--188",
  ANNOTE        = "",
  COMMENT       = "I have the entire proceedings. PGL"}

%G FME93 VDM PROOF 
@INPROCEEDINGS{vdmfme:Bicarregui93,
  KEY           = "Bicarregui93",
  AUTHOR        = "Juan Bicarregui",
  EDITOR        = "J.C.P.\ Woodcock and P.G.\ Larsen",
  TITLE         = "Algorithm Refinement with Read and Write Frames",
  BOOKTITLE     = "FME'93: Industrial-Strength Formal Methods",
  ORGANIZATION  = "Formal Methods Europe",
  PUBLISHER     = "Springer-Verlag",
  ADDRESS       = "",
  YEAR          = "1993",
  MONTH         = "April",
  PAGES         = "148--161",
  SIZE          = "14",
  NOTE          = "Lecture Notes in Computer Science 670",
  ANNOTE        = "",
  COMMENT       = ""}

%G FME96 VDM B APPLI
@INPROCEEDINGS{vdmfme:Bicarregui&96,
  KEY           = "Bicarregui\&96",
  AUTHOR        = "Juan Bicarregui, Jeremy Dick and Eoin Woods",
  EDITOR        = "Marie-Claude Gaudel and Jim Woodcock",
  TITLE         = "{Quantitative Analysis of an Application of Formal 
                   Methods}",
  BOOKTITLE     = "FME'96: Industrial Benefit and Advances in Formal Methods",
  PUBLISHER     = "Springer-Verlag",
  YEAR          = "1996",
  MONTH         = "March",
  PAGES         = "60--74",
  ANNOTE        = "",
  COMMENT       = "I have a copy PGL"}

%G PROOF VDM PGLPHDINT TOOL VDM91
@INPROCEEDINGS{vdmfme:Bicarregui&91,
  KEY           = "Bicarregui\&91",
  AUTHOR        = "Juan Bicarregui and Brian Ritchie",
  EDITOR        = "S.\ Prehn and W.J.\ Toetenel",
  TITLE         = "Reasoning about VDM Developments using The
                   VDM Support Tool in Mural",
  BOOKTITLE     = "VDM '91 -- Formal Software Development Methods",
  PUBLISHER     = "Springer-Verlag",
  YEAR          = "1991",
  MONTH         = "October",
  PAGES         = "371--388",
  SIZE          = "18",
  ANNOTE        = "",
  COMMENT       = "I have the entire proceedings and I have read it
                   2/7-92 (PGL)"}

%G FME93 VDM PROOF B
@INPROCEEDINGS{vdmfme:Bicarregui&93a,
  KEY           = "Bicarregui\&93",
  AUTHOR        = "Juan Bicarregui and Brian Ritchie",
  EDITOR        = "J.C.P.\ Woodcock and P.G.\ Larsen",
  TITLE         = "{Invariant, Frames and Postconditions: a Comparison of the
                   VDM and B Notations}",
  BOOKTITLE     = "FME'93: Industrial-Strength Formal Methods",
  ORGANIZATION  = "Formal Methods Europe",
  PUBLISHER     = "Springer-Verlag",
  ADDRESS       = "",
  YEAR          = "1993",
  MONTH         = "April",
  PAGES         = "162--182",
  SIZE          = "21",
  NOTE          = "Lecture Notes in Computer Science 670",
  ANNOTE        = "",
  COMMENT       = ""}

%G VDM APPLI VDM87
@INPROCEEDINGS{vdmfme:Bjorner87d,
  KEY           = "Bj{\o}rner87",
  AUTHOR        = "D. Bj{\o}rner",
  TITLE         = "The Stepwise Development of Software Development Graphs
                   -- Meta-Programming VDM Developments",
  BOOKTITLE     = "VDM -- A Formal Method at Work",
  PAGES         = "77-96",
  PUBLISHER     = "Springer-Verlag",
  YEAR          = "1987",
  ANNOTE        = "",
  COMMENT       = ""}

%G VDM91 VDM TOOL
@INPROCEEDINGS{vdmfme:Blaue91,
  KEY           = "Blaue91",
  AUTHOR        = "Christoph Blaue",
  TITLE         = "{A VDM Subset Compiler}",
  BOOKTITLE     = "{VDM '91: Formal Software Development Methods}",
  PUBLISHER     = "Springer-Verlag",
  YEAR          = "1991",
  MONTH         = "October",
  PAGES         = "697--698",
  ANNOTE        = "",
  COMMENT       = "I have the entire proceedings. PGL"}

%G VDM COMPIL PROTO IPTESINT VDM90
@TECHREPORT{Blaue&90,
  KEY           = "Blaue\&90",
  AUTHOR        = "Christoph Blaue and Manfred Ha\ss",
  TITLE         = "{A META IV Subset Compiler}",
  INSTITUTION   = "Kiel University",
  YEAR          = "1990",
  MONTH         = "April",
  SIZE          = "26",
  ANNOTE        = "",
  COMMENT       = "BIB. I have a hardcopy but I have not read it yet (PGL)."}

%G VDM FOUND VDM87
@INCOLLECTION{vdmfme:Blikle87b,
  KEY           = "Blikle87",
  AUTHOR        = "A. Blikle",
  TITLE         = "Denotational Engineering or from Denotations to Syntax",
  BOOKTITLE     = "VDM -- A Formal Method at Work",
  PAGES         = "151-209", 
  PUBLISHER     = "Springer-Verlag",
  YEAR          = "1987",
  ANNOTE        = "The paper is devoted to the methodology of developing 
                   denotational models of software in the process of software
                   design. It is argued that denotations should be developed
                   in the first place and syntax should be derived from them.
                   The discussion is carried on an algebraic ground and is
                   illustrated with an example of developing a model for an
                   OCCAM-like language with concurrency.",
  COMMENT       = ""}

%G VDM FOUND VDM88
@INPROCEEDINGS{vdmfme:Blikle88,
  KEY           = "Blikle88",
  AUTHOR        = "Andrzej Blikle",
  EDITOR        = "R.\ Bloomfield, L.\ Marshall and R.\ Jones",
  TITLE         = "{Three-valued predicates for Software Specification
                   and Validation}",
  BOOKTITLE     = "{VDM '88 VDM -- The Way Ahead}",
  ORGANIZATION  = "VDM-Europe",
  PUBLISHER     = "Springer-Verlag",
  YEAR          = "1988",
  MONTH         = "September",
  PAGES         = "243--266",
  SIZE          = "24",
  ANNOTE        = "This paper shows how to combine a calculus of
                   three-valued logic -- to be used in the construction
                   of algorithms -- with a two-valued logic -- to be
                   used in proving facts about these algorithms.",
  COMMENT       = "I have the proceedings and the ideas presented in
                   this paper is interesting wrt. the logic behind
                   the mathematical notation for the definition of
                   the dynamic semantics of BSI/VDM SL (PGL)."}

%G METASOFT VDM90
@TECHREPORT{Blikle90b,
  KEY           = "Blikle90",
  AUTHOR        = "Andrzej Blikle",
  TITLE         = "{The MetaSoft Method}",
  INSTITUTION   = "Polish Academy of Sciences",
  YEAR          = "1990",
  MONTH         = "April",
  SIZE          = "29",
  ANNOTE        = "",
  COMMENT       = "BIB. I have a copy of it but I have not yet read the
                   five pages of textual description (most of this
                   is a copy of the slides used in the presentation
                   of the MetaSoft method at the tutorial for VDM '90)
                   (PGL)."}

%G VDM90 METASOFT 
@INPROCEEDINGS{vdmfme:Blikle&90,
  KEY           = "Blikle\&90",
  AUTHOR        = "Andrzej Blikle and Mikkel Thorup",
  EDITOR        = "Dines Bj\o{}rner,  C.A.R.\ Hoare and Hans Langmaack", 
  TITLE         = "{On Conservative Extensions of Syntax in the Process of
                   System Development}",
  BOOKTITLE     = "{VDM '90 VDM and Z-- Formal Methods in Software Development}",
  ORGANIZATION  = "VDM Europe",
  PUBLISHER     = "Springer-Verlag",
  YEAR          = "1990",
  MONTH         = "April", 
  PAGES         = "504--525",
  SIZE          = "22",
  ANNOTE        = "",
  COMMENT       = "I have the entire proceedings but I have not yet read it 
                   (PGL)."}

%G VDM APPLI IPTESINT VDM88
@INPROCEEDINGS{vdmfme:Boddy88,
  KEY           = "Boddy88",
  AUTHOR        = "Grahan Boddy",
  EDITOR        = "R.\ Bloomfield, L.\ Marshall and R.\ Jones",
  TITLE         = "{The use of VDM within the Alvey Flagship Project}",
  BOOKTITLE     = "{VDM '88 VDM -- The Way Ahead}",
  ORGANIZATION  = "VDM-Europe",
  PUBLISHER     = "Springer-Verlag",
  YEAR          = "1988",
  MONTH         = "September",
  PAGES         = "153--166",
  SIZE          = "14",
  ANNOTE        = "In this paper an approach to using ADT implementations
                   of the VDM build-in primitive functions. In
                   addition pre and post condition and invariant
                   checking is possible in a similar way as in
                   Eiffel.",
  COMMENT       = "I have the proceedings and I have read this paper
                   the 20/2-90 (PGL). The use of executable models
                   within this project is interesting for the IPTES
                   project."}

%G FME97
@INPROCEEDINGS{vdmfme:deBoer&97,
  KEY           = "deBoer\&97",
  AUTHOR        = {F. S. de Boer and U. Hannemann and W.-P. de Roever},
  TITLE         = {A Compositional Proof System for Shared Variable Concurrency},
  BOOKTITLE     = {FME'97: Industrial Applications and Strengthened
  Foundations of Formal Methods (Proc. 4th Intl. Symposium of Formal
  Methods Europe, Graz, Austria, September 1997)},
  EDITOR        = {John Fitzgerald and Cliff B. Jones and Peter Lucas},
  VOLUME        = {1313},
  SERIES        = {Lecture Notes in Computer Science},
  PUBLISHER     = {Springer-Verlag},
  MONTH         = {September},
  NOTE          = {ISBN 3-540-63533-5},
  PAGES         = {515--532}}

%G FME96 CONCUR
@INPROCEEDINGS{vdmfme:Bohn&96,
  KEY           = "Bohn\&96",
  AUTHOR        = "J{\"u}rgen Bohn and Wil Janssen",
  EDITOR        = "Marie-Claude Gaudel and Jim Woodcock",
  TITLE         = "{A Strategic Approach to Transformational Design}",
  BOOKTITLE     = "FME'96: Industrial Benefit and Advances in Formal Methods",
  PUBLISHER     = "Springer-Verlag",
  YEAR          = "1996",
  MONTH         = "March",
  PAGES         = "609--628",
  ANNOTE        = "",
  COMMENT       = "I have a copy PGL"}

%G FME96 MODEL
@INPROCEEDINGS{vdmfme:Boigelot&96,
  KEY           = "Boigelot\&96",
  AUTHOR        = "Bernhard Boigelot and Patrice Godefroid",
  EDITOR        = "Marie-Claude Gaudel and Jim Woodcock",
  TITLE         = "{Model Checking in Practice: An Analysis of the
                    ACCESS.bus Protocol using SPIN}",
  BOOKTITLE     = "FME'96: Industrial Benefit and Advances in Formal Methods",
  PUBLISHER     = "Springer-Verlag",
  YEAR          = "1996",
  MONTH         = "March",
  PAGES         = "465--478",
  ANNOTE        = "",
  COMMENT       = "I have a copy PGL"}

%G FME96 Z REFIN
@INPROCEEDINGS{vdmfme:Boiten&96,
  KEY           = "Boiten\&96",
  AUTHOR        = "Eerke Boiten, John Derrick, Howard Bowman and
                   Maarten Steen",
  EDITOR        = "Marie-Claude Gaudel and Jim Woodcock",
  TITLE         = "{Consistency and Refinement for Partial
                    Specification in Z}",
  BOOKTITLE     = "FME'96: Industrial Benefit and Advances in Formal Methods",
  PUBLISHER     = "Springer-Verlag",
  YEAR          = "1996",
  MONTH         = "March",
  PAGES         = "287--306",
  ANNOTE        = "",
  COMMENT       = "I have a copy PGL"}

%G FME97 Z LOTOS
@INPROCEEDINGS{vdmfme:Boiten&97,
  KEY           = "Boiten\&97",
  AUTHOR        = {Eerke Boiten and Howard Bowman and John Derrick and Maarten Steen},
  TITLE         = {Viewpoint Consistency in Z and LOTOS: A Case Study},
  BOOKTITLE     = {FME'97: Industrial Applications and Strengthened
  Foundations of Formal Methods (Proc. 4th Intl. Symposium of Formal
  Methods Europe, Graz, Austria, September 1997)},
  EDITOR        = {John Fitzgerald and Cliff B. Jones and Peter Lucas},
  VOLUME        = {1313},
  SERIES        = {Lecture Notes in Computer Science},
  PUBLISHER     = {Springer-Verlag},
  MONTH         = {September},
  NOTE          = {ISBN 3-540-63533-5},
  PAGES         = {644--664}}

%G VDM FOUND STD VDM88
@INPROCEEDINGS{vdmfme:Borzyszkowski&88a,
  KEY           = "Borzyszkowski\&88",
  AUTHOR        = "A. Borzyszkowski and S. Sokolowski",
  TITLE         = "Understanding an informal description: Office Documents
                   Architecture, an ISO standard",
  BOOKTITLE     = "VDM '88 VDM -- The Way Ahead",
  YEAR          = "1988",
  MONTH         = "September", 
  PAGES         = "48-63", 
  ANNOTE        = "This is an example of a real-life application of VDM-like
                   techniques to the description of a product which is not
                   explicitly related to software. ODA is intended as a
                   standard for structuring, communicating, elaborating, etc.
                   office documents.",
  COMMENT       = ""}

%G VDM FOUND VDM88
@INPROCEEDINGS{vdmfme:Borzyszkowski&88b,
  KEY           = "Borzyszkowski\&88",
  AUTHOR        = "A. Borzyszkowski, R. Kubiak and S. Sololowski",
  TITLE         = "A Set-Theoretic Model for a Typed Polymorphic Lambda
                   Calculus -- A Contribution to MetaSoft",
  BOOKTITLE     = "VDM '88 VDM -- The Way Ahead",
  YEAR          = "1988",
  MONTH         = "September", 
  PAGES         = "267-298", 
  ANNOTE        = "A purely set-theoretic hierarchical model of polymorphism
                   is constructed. That model may be used in the denotational
                   models of software where polymorphism is involved.",
  COMMENT       = ""}

%G FME93 Z
@INPROCEEDINGS{vdmfme:Boswell93,
  KEY           = "Boswell93",
  AUTHOR        = "Tony Boswell",
  EDITOR        = "J.C.P.\ Woodcock and P.G.\ Larsen",
  TITLE         = "Specification and Validation of a Security Policy Model",
  BOOKTITLE     = "FME'93: Industrial-Strength Formal Methods",
  ORGANIZATION  = "Formal Methods Europe",
  PUBLISHER     = "Springer-Verlag",
  ADDRESS       = "",
  YEAR          = "1993",
  MONTH         = "April",
  PAGES         = "42--51",
  SIZE          = "10",
  NOTE          = "Lecture Notes in Computer Science 670",
  ANNOTE        = "",
  COMMENT       = ""}

%G FME93 FORMAL STD
@INPROCEEDINGS{vdmfme:Bowen&93,
  KEY           = "Bowen\&93",
  AUTHOR        = "Jonathan Bowen \& Victoria Stavridou",
  EDITOR        = "J.C.P.\ Woodcock and P.G.\ Larsen",
  TITLE         = "The Industrial Take-up of Formal Methods in Safety-Critical
                   and Other Areas: A Perspective",
  BOOKTITLE     = "FME'93: Industrial-Strength Formal Methods",
  ORGANIZATION  = "Formal Methods Europe",
  PUBLISHER     = "Springer-Verlag",
  ADDRESS       = "",
  YEAR          = "1993",
  MONTH         = "April",
  PAGES         = "183--195",
  SIZE          = "13",
  NOTE          = "Lecture Notes in Computer Science 670",
  URL           = "ftp://ftp.comlab.ox.ac.uk/pub/Documents/techpapers/Jonathan.Bowen/fme93.ps.Z",
  ANNOTE        = "",
  COMMENT       = ""}

%G FME94 PGLPHDINT
@INPROCEEDINGS{vdmfme:Bowen&94c,
  KEY           = "Bowen\&94",
  AUTHOR        = "Jonathan P. Bowen, Michael G. Hinchey",
  EDITOR        = "M. Naftalin, T. Denvir, M. Bertran",
  TITLE         = "Seven More Myths of Formal Methods: Dispelling
                  Industrial Prejudices",
  BOOKTITLE     = "FME'94: Industrial Benefit of Formal Methods",
  PUBLISHER     = "Springer-Verlag",
  YEAR          = "1994",
  MONTH         = "October",
  PAGES         = "105-117",
  ANNOTE        = "",
  COMMENT       = "PGL has got the proceedings. ADN"}

%G VDM91 COLD
@INPROCEEDINGS{vdmfme:Bril91,
  KEY           = "Bril91",
  AUTHOR        = "Reinder J.\ Bril",
  TITLE         = "{A Model-oriented Method for Algebraric 
                    Specifications using COLD-1 as Notation}",
  BOOKTITLE     = "{VDM '91: Formal Software Development Methods}",
  PUBLISHER     = "Springer-Verlag",
  YEAR          = "1991",
  MONTH         = "October",
  PAGES         = "106--124",
  ANNOTE        = "",
  COMMENT       = "I have the entire proceedings. PGL"}

%G VDM90 RAISE
@MISC{vdmfme:Brock&90,
  KEY           = "Brock\&90",
  AUTHOR        = "Simon Brock and Chris George",
  TITLE         = "{RAISE Method Manual}",
  YEAR          = "1990",
  MONTH         = "April",
  HOWPUBLISHED  = "VDM '90 Tutorial",
  SIZE          = "262",
  ANNOTE        = "",
  COMMENT       = "I have received a nice copy of this manual at the VDM '90
                   symposium but I have not yet read it (PGL)."}

%G FME96 VDM APPLI IFADPUB
@INPROCEEDINGS{vdmfme:Brookes&96,
  KEY           = "Brookes\&96",
  AUTHOR        = "{T.M. Brookes and J.S. Fitzgerald and P.G. Larsen}",
  EDITOR        = "Marie-Claude Gaudel and Jim Woodcock",
  TITLE         = "{Formal and Informal Specifications of a secure
                   System Component: Final Results in a Comparative Study}",
  BOOKTITLE     = "FME'96: Industrial Benefit and Advances in Formal Methods",
  PUBLISHER     = "Springer-Verlag",
  YEAR          = "1996",
  MONTH         = "March",
  PAGES         = "214--227",
  ANNOTE        = "",
  COMMENT       = "I have a copy PGL"}

%G FME93 CONCUR TOOL
@INPROCEEDINGS{vdmfme:Brown&93,
  KEY           = "Brown\&93",
  AUTHOR        = "{Na\"\i{}ma Brown \& Domenique Mery}",
  EDITOR        = "J.C.P.\ Woodcock and P.G.\ Larsen",
  TITLE         = "A Proof Environment for Concurrent Programs",
  BOOKTITLE     = "FME'93: Industrial-Strength Formal Methods",
  ORGANIZATION  = "Formal Methods Europe",
  PUBLISHER     = "Springer-Verlag",
  ADDRESS       = "",
  YEAR          = "1993",
  MONTH         = "April",
  PAGES         = "196--215",
  SIZE          = "20",
  NOTE          = "Lecture Notes in Computer Science 670",
  ANNOTE        = "",
  COMMENT       = ""}

%G FME97
@INPROCEEDINGS{vdmfme:Broy&97,
  KEY           = "Broy\&97",
  AUTHOR        = {M. Broy and R. Grosu and C. Klein},
  TITLE         = {Reconciling Real-Time with Asynchronous Message Passing},
  BOOKTITLE     = {FME'97: Industrial Applications and Strengthened
  Foundations of Formal Methods (Proc. 4th Intl. Symposium of Formal
  Methods Europe, Graz, Austria, September 1997)},
  EDITOR        = {John Fitzgerald and Cliff B. Jones and Peter Lucas},
  VOLUME        = {1313},
  SERIES        = {Lecture Notes in Computer Science},
  PUBLISHER     = {Springer-Verlag},
  MONTH         = {September},
  NOTE          = {ISBN 3-540-63533-5},
  PAGES         = {182--200}}

%G BSIVDM VDM91 VDM FOUND
@INPROCEEDINGS{vdmfme:Bruun&91c,
  KEY           = "Bruun\&91",
  AUTHOR        = "Hans Bruun, Flemming Damm and Bo Stig Hansen",
  TITLE         = "{An Approach to the Static Semantics of VDM-SL}",
  BOOKTITLE     = "{VDM '91: Formal Software Development Methods}",
  ORGANIZATION  = "VDM Europe",
  PUBLISHER     = "Springer-Verlag",
  YEAR          = "1991",
  MONTH         = "October",
  PAGES         = "220--253",
  ANNOTE        = "",
  COMMENT       = "I have the entire proceedings. PGL"}

%G VDM COMPIL VDM88
@INPROCEEDINGS{vdmfme:Buth&88,
  KEY           = "Buth\&88",
  AUTHOR        = "B. \& K.-H. Buth",
  TITLE         = "Correctness Proofs for Meta IV Written Code Generator 
                   Specification Using Term Rewriting",
  BOOKTITLE     = "VDM '88 VDM -- The Way Ahead",
  YEAR          = "1988",
  MONTH         = "September", 
  PAGES         = "406-433", 
  ANNOTE        = "",
  COMMENT       = ""}

%G VDM91 CSP
@INPROCEEDINGS{vdmfme:Butler91,
  KEY           = "Butler91",
  AUTHOR        = "Michael J.\ Butler",
  TITLE         = "{Behavioural Extension for CSP}",
  BOOKTITLE     = "{VDM '91: Formal Software Development Methods}",
  PUBLISHER     = "Springer-Verlag",
  YEAR          = "1991",
  MONTH         = "October",
  PAGES         = "254--267",
  ANNOTE        = "",
  COMMENT       = "I have the entire proceedings. PGL"}

%G FME93 VDM APPLI
@INPROCEEDINGS{vdmfme:Butterfield93,
  KEY           = "Butterfield93",
  AUTHOR        = "Andrew Butterfield",
  EDITOR        = "J.C.P.\ Woodcock and P.G.\ Larsen",
  TITLE         = "{A VDM${}^\clubsuit{}$ study of Fault-Tolerant Stable
                   Storage Towards a Computer Engineering Mathematics}",
  BOOKTITLE     = "FME'93: Industrial-Strength Formal Methods",
  ORGANIZATION  = "Formal Methods Europe",
  PUBLISHER     = "Springer-Verlag",
  YEAR          = "1993",
  MONTH         = "April",
  PAGES         = "216--234",
  SIZE          = "19",
  NOTE          = "Lecture Notes in Computer Science 670",
  ANNOTE        = "",
  COMMENT       = ""}

%G VDM TOOL CONCUR VDM91
@INPROCEEDINGS{vdmfme:Cattel91a,
  KEY           = "Cattel91",
  AUTHOR        = "Thierry Cattel",
  TITLE         = "Tactical Tools for Distributing VDM Specifications",
  BOOKTITLE     = "VDM'91 Symposium",
  YEAR          = "1991",
  MONTH         = "October",
  PAGES         = "309--323",
  SIZE          = "4",
  ANNOTE        = "",
  COMMENT       = "BIB. RGM."}

%G FME93 THEORM CONCUR
@INPROCEEDINGS{vdmfme:Cau&93,
  KEY           = "Cau\&93",
  AUTHOR        = "Antonio Cau \& Willem-Paul de Roever",
  EDITOR        = "J.C.P.\ Woodcock and P.G.\ Larsen",
  TITLE         = "Using Relative Refinement for Fault Tolerance",
  BOOKTITLE     = "FME'93: Industrial-Strength Formal Methods",
  ORGANIZATION  = "Formal Methods Europe",
  PUBLISHER     = "Springer-Verlag",
  ADDRESS       = "",
  YEAR          = "1993",
  MONTH         = "April",
  PAGES         = "19--41",
  SIZE          = "23",
  NOTE          = "Lecture Notes in Computer Science 670",
  ANNOTE        = "",
  COMMENT       = ""}

%G FME97
@INPROCEEDINGS{vdmfme:Cazier&97,
  KEY           = "Cazier\&97",
  AUTHOR        = {David Cazier and Jean-Fran\c {c}ois Dufourd},
  TITLE         = {Term Rewrite Systems to Derive Set Boolean Operations on 2D Objects},
  BOOKTITLE     = {FME'97: Industrial Applications and Strengthened
  Foundations of Formal Methods (Proc. 4th Intl. Symposium of Formal
  Methods Europe, Graz, Austria, September 1997)},
  EDITOR        = {John Fitzgerald and Cliff B. Jones and Peter Lucas},
  VOLUME        = {1313},
  SERIES        = {Lecture Notes in Computer Science},
  PUBLISHER     = {Springer-Verlag},
  MONTH         = {September},
  NOTE          = {ISBN 3-540-63533-5},
  PAGES         = {605--623}}

%G VDM90 Z
@INPROCEEDINGS{vdmfme:Chalin&90,
  KEY           = "Chalin\&90",
  AUTHOR        = "Patrice Chalin and Peter Grogono",
  EDITOR        = "Dines Bj\o{}rner,  C.A.R.\ Hoare and Hans Langmaack", 
  TITLE         = "{Z Specification of an Object Manager}",
  BOOKTITLE     = "{VDM '90 VDM and Z-- Formal Methods in Software Development}",
  ORGANIZATION  = "VDM Europe",
  PUBLISHER     = "Springer-Verlag",
  YEAR          = "1990",
  MONTH         = "April", 
  PAGES         = "41--71",
  SIZE          = "31",
  ANNOTE        = "",
  COMMENT       = "I have the entire proceedings but I have not yet read it 
                   (PGL)."}

%G FME96 LARCH
@INPROCEEDINGS{vdmfme:Chalin&96,
  KEY           = "Chalin\&96",
  AUTHOR        = "Patrice Chalin, Peter Grogono and T.\ Radhakrishnan",
  EDITOR        = "Marie-Claude Gaudel and Jim Woodcock",
  TITLE         = "{Identification of and Solutions to Shortcomings of
                    LCL, a Larch/C Interface Specification Language}",
  BOOKTITLE     = "FME'96: Industrial Benefit and Advances in Formal Methods",
  PUBLISHER     = "Springer-Verlag",
  YEAR          = "1996",
  MONTH         = "March",
  PAGES         = "385--404",
  ANNOTE        = "",
  COMMENT       = "I have a copy PGL"}

%G VDM91 RAISE APPLI
@INPROCEEDINGS{vdmfme:Chalmers&91,
  KEY           = "Chalmers\&91",
  AUTHOR        = "D.L.\ Chalmers, B.\ Dandanell, J.\ G\o{}rtz, 
                   J.S.\ Pedersen and E.\ Zierau",
  TITLE         = "{Using RAISE -- First Impressions from the LaCoS
                    Applications}",
  BOOKTITLE     = "{VDM '91: Formal Software Development Methods}",
  PUBLISHER     = "Springer-Verlag",
  YEAR          = "1991",
  MONTH         = "October",
  PAGES         = "645--657",
  ANNOTE        = "",
  COMMENT       = "I have the entire proceedings. PGL"}

%G FME97
@INPROCEEDINGS{vdmfme:Charpentier97,
  KEY           = "Charpentier97",
  AUTHOR        = {Michel Charpentier},
  TITLE         = {A UNITY Mapping Operator for Distributed Programs},
  BOOKTITLE     = {FME'97: Industrial Applications and Strengthened
  Foundations of Formal Methods (Proc. 4th Intl. Symposium of Formal
  Methods Europe, Graz, Austria, September 1997)},
  EDITOR        = {John Fitzgerald and Cliff B. Jones and Peter Lucas},
  VOLUME        = {1313},
  SERIES        = {Lecture Notes in Computer Science},
  PUBLISHER     = {Springer-Verlag},
  MONTH         = {September},
  NOTE          = {ISBN 3-540-63533-5},
  PAGES         = {665--684}}

%G VDM OBJECT JACKSON ADA CONFIRM COMBI VDM87
@INPROCEEDINGS{vdmfme:Chedgey&87,
  KEY           = "Chedgey\&87",
  AUTHOR        = "Chris Chedgey, Seamus Kearney, and Hans-J{\"u}rgen
                   Kugler",
  EDITOR        = "D.\ Bj\o{}rner, C.B.\ Jones, M.\ Mac an Airchinnigh,
                   and E.J.\ Neuhold",
  TITLE         = "{Using VDM in an Object-Oriented Development Method
                   for Ada Software}",
  BOOKTITLE     = "{VDM -- A Formal Method at Work}",
  ORGANIZATION  = "VDM Europe",
  PUBLISHER     = "Springer-Verlag",
  YEAR          = "1987",
  MONTH         = "March",
  PAGES         = "63--76",
  SIZE          = "14",
  ANNOTE        = "In this paper VDM is related to various phases
                   of activities throughout the process of software
                   development. Combinations of VDM with OOD and JSD
                   are examined.",
  COMMENT       = "BIB. Read 18/4-91 (PGL)"}

%G FME93 CONCUR
@INPROCEEDINGS{vdmfme:Chen&93,
  KEY           = "Chen\&93",
  AUTHOR        = "Liang Chen \& Alistair Munro",
  EDITOR        = "J.C.P.\ Woodcock and P.G.\ Larsen",
  TITLE         = "Applications of Modal Logic for the Specification of
                   Real-Time Systems",
  BOOKTITLE     = "FME'93: Industrial-Strength Formal Methods",
  ORGANIZATION  = "Formal Methods Europe",
  PUBLISHER     = "Springer-Verlag",
  ADDRESS       = "",
  YEAR          = "1993",
  MONTH         = "April",
  PAGES         = "235--249",
  SIZE          = "15",
  NOTE          = "Lecture Notes in Computer Science 670",
  ANNOTE        = "",
  COMMENT       = ""}

%G FME94 CCS
@INPROCEEDINGS{vdmfme:Cherkaoui&94,
  KEY           = "Cherkaoui\&94",
  AUTHOR        = "Omar Cherkaoui, Nathalie Roco, Alan Bernardi",
  EDITOR        = "M. Naftalin, T. Denvir, M. Bertran",
  TITLE         = "Specification and Analysis of a Security Management System",
  BOOKTITLE     = "FME'94: Industrial Benefit of Formal Methods",
  PUBLISHER     = "Springer-Verlag",
  YEAR          = "1994",
  MONTH         = "October",
  PAGES         = "66-82",
  ANNOTE        = "",
  COMMENT       = "PGL has got the proceedings. ADN"}

%G VDM91 VDM REFIN
@INPROCEEDINGS{vdmfme:Clement91,
  KEY           = "Clement91",
  AUTHOR        = "Tim Clement",
  TITLE         = "{Combining Transformation and Posit-and-Prove in 
                   VDM Development}",
  BOOKTITLE     = "{VDM '91: Formal Software Development Methods}",
  PUBLISHER     = "Springer-Verlag",
  YEAR          = "1991",
  MONTH         = "October",
  PAGES         = "63--80",
  ANNOTE        = "",
  COMMENT       = "I have the entire proceedings. PGL"}

%G FME94 VDM REFIN
@INPROCEEDINGS{vdmfme:Clement94,
  KEY           = "Clement94",
  AUTHOR        = "T. Clement",
  EDITOR        = "M. Naftalin, T. Denvir, M. Bertran",
  TITLE         = "Comparing Approaches to Data Reification",
  BOOKTITLE     = "FME'94: Industrial Benefit of Formal Methods",
  PUBLISHER     = "Springer-Verlag",
  YEAR          = "1994",
  MONTH         = "October",
  PAGES         = "118-133",
  ANNOTE        = "",
  COMMENT       = "PGL has got the proceedings. ADN"}

%G FME96 VDM REFIN
@INPROCEEDINGS{vdmfme:Clement96,
  KEY           = "Clement96",
  AUTHOR        = "Tim Clement",
  EDITOR        = "Marie-Claude Gaudel and Jim Woodcock",
  TITLE         = "{Data Reification without Explicit Abstraction Functions}",
  BOOKTITLE     = "FME'96: Industrial Benefit and Advances in Formal Methods",
  PUBLISHER     = "Springer-Verlag",
  YEAR          = "1996",
  MONTH         = "March",
  PAGES         = "195--213",
  ANNOTE        = "",
  COMMENT       = "I have a copy PGL"}

%G VDM90 COLD
@MISC{vdmfme:COLD,
  KEY           = "COLD",
  TITLE         = "{Algebraic Specifications}",
  YEAR          = "1990",
  MONTH         = "April",
  HOWPUBLISHED  = "Tutorial Material",
  SIZE          = "Approximately 200",
  NOTE          = "This is COLD-K Course Material",
  ANNOTE        = "",
  COMMENT       = "This is an enormous stack a slide copies which
                   was used at the COLD-K tutorial at the VDM 90
                   conference (PGL). (Because of its size it is
                   NOT placed within the normal article archieve for
                   IFAD.)"}

%G FME94 Z
@INPROCEEDINGS{vdmfme:Collison94,
  KEY           = "Collison94",
  AUTHOR        = "Rodger Collison",
  EDITOR        = "M. Naftalin, T. Denvir, M. Bertran",
  TITLE         = "A Critical Look at Functional Specifications",
  BOOKTITLE     = "FME'94: Industrial Benefit of Formal Methods",
  PUBLISHER     = "Springer-Verlag",
  YEAR          = "1994",
  MONTH         = "October",
  PAGES         = "381-400",
  ANNOTE        = "",
  COMMENT       = "PGL has got the proceedings. ADN"}

%G FME96
@INPROCEEDINGS{vdmfme:Comuzzi&96,
  KEY           = "Comuzzi\&96",
  AUTHOR        = "Joseph J.\ Comuzzi and Johnson M.\ Hart",
  EDITOR        = "Marie-Claude Gaudel and Jim Woodcock",
  TITLE         = "{Program Slicing Using Weakest Preconditions}",
  BOOKTITLE     = "FME'96: Industrial Benefit and Advances in Formal Methods",
  PUBLISHER     = "Springer-Verlag",
  YEAR          = "1996",
  MONTH         = "March",
  PAGES         = "557--575",
  ANNOTE        = "",
  COMMENT       = "I have a copy PGL"}

%G FME94 Z OBJECT
@INPROCEEDINGS{vdmfme:Cordeiro&94,
  KEY           = "Cordeiro\&94",
  AUTHOR        = "Virginia A.O. Cordeiro, Augusto Sampaio, Silvio L. Meira",
  EDITOR        = "M. Naftalin, T. Denvir, M. Bertran",
  TITLE         = "From MooZ to Eiffel - A Rigorous Approach to System Development",
  BOOKTITLE     = "FME'94: Industrial Benefit of Formal Methods",
  PUBLISHER     = "Springer-Verlag",
  YEAR          = "1994",
  MONTH         = "October",
  PAGES         = "306-325",
  ANNOTE        = "",
  COMMENT       = "PGL has got the proceedings. ADN"}

%G VDM91 PGLPHDINT
@INPROCEEDINGS{vdmfme:Craigen&91,
  KEY           = "Craigen\&91",
  AUTHOR        = "Dan Craigen, Sentot Kromodimoeljo, Irwin Meisels, 
                   Bill Pase and Mark Saaltink",
  EDITOR        = "S.\ Prehn and W.J.\ Toetenel",
  TITLE         = "EVES: An Overview",
  BOOKTITLE     = "VDM'91 -- Formal Software Development Methods",
  PUBLISHER     = "Springer-Verlag",
  YEAR          = "1991",
  MONTH         = "October",
  PAGES         = "389--405",
  ANNOTE        = "",
  COMMENT       = "I have the proceedings PGL"}

%G FME93 FORMAL
@INPROCEEDINGS{vdmfme:Craigen&93,
  KEY           = "Craigen\&93",
  AUTHOR        = "Dan Craigen, Susan Gerhart, \& Ted Ralston",
  EDITOR        = "J.C.P.\ Woodcock and P.G.\ Larsen",
  TITLE         = "Formal Methods Reality Check: Industrial Usage",
  BOOKTITLE     = "FME'93: Industrial-Strength Formal Methods",
  ORGANIZATION  = "Formal Methods Europe",
  PUBLISHER     = "Springer-Verlag",
  ADDRESS       = "",
  YEAR          = "1993",
  MONTH         = "April",
  PAGES         = "250--267",
  SIZE          = "18",
  NOTE          = "Lecture Notes in Computer Science 670",
  ANNOTE        = "",
  COMMENT       = ""}

%G VDM APPLI FORTAIN VDM87
@INPROCEEDINGS{vdmfme:Crispin87,
  KEY           = "Crispin87",
  AUTHOR        = "R.J.\ Crispin",
  EDITOR        = "Bj\o{}rner, Jones, Airchinnigh and Neuhold",
  TITLE         = "{Experience Using VDM in STC}",
  BOOKTITLE     = "{VDM '87 VDM -- A Formal Method at Work}",
  ORGANIZATION  = "VDM-Europe",
  PUBLISHER     = "Springer-Verlag LNCS 252",
  YEAR          = "1987",
  PAGES         = "19--32",
  SIZE          = "14",
  ANNOTE        = "",
  COMMENT       = "I have the whole proceedings and I have read most
                   of it (PGL)."}

%G FME94
@INPROCEEDINGS{vdmfme:Cuellar&94,
  KEY           = "Cuellar\&94",
  AUTHOR        = "Jorge Cuellar, Isolde Wildgruber, Dieter Barnard",
  EDITOR        = "M. Naftalin, T. Denvir, M. Bertran",
  TITLE         = "Combining the Design of Industrial Systems with
                  Effective Verification Techniques",
  BOOKTITLE     = "FME'94: Industrial Benefit of Formal Methods",
  PUBLISHER     = "Springer-Verlag",
  YEAR          = "1994",
  MONTH         = "October",
  PAGES         = "639-658",
  ANNOTE        = "",
  COMMENT       = "PGL has got the proceedings. ADN"}

%G VDM90 OBJECT
@INPROCEEDINGS{vdmfme:Dahl90,
  KEY           = "Dahl90",
  AUTHOR        = "Ole-Johan Dahl",
  EDITOR        = "Dines Bj\o{}rner,  C.A.R.\ Hoare and Hans Langmaack", 
  TITLE         = "{Object Orientation and Formal Techniques}",
  BOOKTITLE     = "{VDM '90 VDM and Z-- Formal Methods in Software Development}",
  ORGANIZATION  = "VDM Europe",
  PUBLISHER     = "Springer-Verlag",
  YEAR          = "1990",
  MONTH         = "April", 
  PAGES         = "1--11",
  SIZE          = "11",
  ANNOTE        = "",
  COMMENT       = "I have the entire proceedings but I have not yet read it 
                   (PGL)."}

%G VDM91
@INPROCEEDINGS{vdmfme:Dahl&91b,
  KEY           = "Dahl\&91",
  AUTHOR        = "Ole-Johan Dahl and Olaf Owe",
  TITLE         = "{Formal Development with ABEL}",
  BOOKTITLE     = "{VDM '91: Formal Software Development Methods}",
  PUBLISHER     = "Springer-Verlag",
  YEAR          = "1991",
  MONTH         = "October",
  PAGES         = "320--362",
  NOTE          = "Volume 2",
  ANNOTE        = "",
  COMMENT       = "I have the entire proceedings. PGL"}
          
%G BSIVDM FOUND VDM VDM91
@INPROCEEDINGS{vdmfme:Damm&91,
  KEY           = "Damm\&91",
  AUTHOR        = "Flemming Damm, Hans Bruun, and Bo Stig Hansen",
  TITLE         = "{On Type Checking in VDM and Related Consistency
                   Issues}",
  BOOKTITLE     = "{VDM '91: Formal Software Development Methods}",
  ORGANIZATION  = "VDM Europe",
  PUBLISHER     = "Springer-Verlag",
  YEAR          = "1991",
  MONTH         = "October",
  PAGES         = "45--62",
  ANNOTE        = "",
  COMMENT       = "BIB. PGL"}

%G VDM91 VDM TOOL
@INPROCEEDINGS{vdmfme:Damm&91b,
  KEY           = "Damm\&91",
  AUTHOR        = "Flemming Damm, Hans Bruun and Bo Stig Hansen",
  TITLE         = "{The VDM-SL Editor and Consistency Checker}",
  BOOKTITLE     = "{VDM '91: Formal Software Development Methods}",
  PUBLISHER     = "Springer-Verlag",
  YEAR          = "1991",
  MONTH         = "October",
  PAGES         = "693--694",
  ANNOTE        = "",
  COMMENT       = "I have the entire proceedings. PGL"}

%G FME93 RAISE
@INPROCEEDINGS{vdmfme:Dandanell&93,
  KEY           = "Dandanell\&93",
  AUTHOR        = "Bent Dandanell, Jesper G{\o}rtz, Jan Storbank Pedersen,
                   \& Eld Zierau",
  EDITOR        = "J.C.P.\ Woodcock and P.G.\ Larsen",
  TITLE         = "Experiences from Applications of RAISE",
  BOOKTITLE     = "FME'93: Industrial-Strength Formal Methods",
  ORGANIZATION  = "Formal Methods Europe",
  PUBLISHER     = "Springer-Verlag",
  ADDRESS       = "",
  YEAR          = "1993",
  MONTH         = "April",
  PAGES         = "52--63",
  SIZE          = "12",
  NOTE          = "Lecture Notes in Computer Science 670",
  ANNOTE        = "",
  COMMENT       = ""}

%G FME94 Z DATABASE
@INPROCEEDINGS{vdmfme:deBarros94,
  KEY           = "deBarros94",
  AUTHOR        = "Roberto S.M. de Barros",
  EDITOR        = "M. Naftalin, T. Denvir, M. Bertran",
  TITLE         = "Deriving Relational Database Programs from Formal Specifications",
  BOOKTITLE     = "FME'94: Industrial Benefit of Formal Methods",
  PUBLISHER     = "Springer-Verlag",
  YEAR          = "1994",
  MONTH         = "October",
  PAGES         = "703-723",
  ANNOTE        = "",
  COMMENT       = "PGL has got the proceedings. ADN"}

%G FME96 PVS CONCUR
@INPROCEEDINGS{vdmfme:deBoer&96,
  KEY           = "deBoer\&96",
  AUTHOR        = "F.S.\ de Boer and M.\ van Hulst",
  EDITOR        = "Marie-Claude Gaudel and Jim Woodcock",
  TITLE         = "{Local Nondeterminism in Asynchronously
                    Communication Processes}",
  BOOKTITLE     = "FME'96: Industrial Benefit and Advances in Formal Methods",
  PUBLISHER     = "Springer-Verlag",
  YEAR          = "1996",
  MONTH         = "March",
  PAGES         = "367--384",
  ANNOTE        = "",
  COMMENT       = "I have a copy PGL"}

%G FME94 B APPLI PGLPHDINT RAIL
@INPROCEEDINGS{vdmfme:Dehbonei&94,
  KEY           = "Dehbonei\&94",
  AUTHOR        = "Babak Dehbonei, Fernando Mejia",
  EDITOR        = "M. Naftalin, T. Denvir, M. Bertran",
  TITLE         = "Formal Methods in the Railways Signalling Industry",
  BOOKTITLE     = "FME'94:Industrial Benefit of Formal Methods",
  PUBLISHER     = "Springer-Verlag",
  YEAR          = "1994",
  MONTH         = "October",
  PAGES         = "26-34",
  ANNOTE        = "",
  COMMENT       = "Peter has got the proceedings. ADN"}

%G VDM91 VDM TOOL
@INPROCEEDINGS{vdmfme:Dick&91c,
  KEY           = "Dick\&91",
  AUTHOR        = "Jeremy Dick and J{\'e}r{\^o}me Loubersac",
  TITLE         = "{The Visual Presentation of VDM Specifications}",
  BOOKTITLE     = "{VDM '91: Formal Software Development Methods}",
  PUBLISHER     = "Springer-Verlag",
  YEAR          = "1991",
  MONTH         = "October",
  PAGES         = "670--671",
  ANNOTE        = "",
  COMMENT       = "I have the entire proceedings. PGL"}

%G FME93 VDM PROTO
@INPROCEEDINGS{vdmfme:Dick&93,
  KEY           = "Dick\&93",
  AUTHOR        = "Jeremy Dick and Alain Faivre",
  EDITOR        = "J.C.P.\ Woodcock and P.G.\ Larsen",
  TITLE         = "Automating the Generation and Sequencing of Test
                   Cases from Model-Based Specifications",
  BOOKTITLE     = "FME'93: Industrial-Strength Formal Methods",
  ORGANIZATION  = "Formal Methods Europe",
  PUBLISHER     = "Springer-Verlag",
  ADDRESS       = "",
  YEAR          = "1993",
  MONTH         = "April",
  PAGES         = "268--284",
  SIZE          = "17",
  NOTE          = "Lecture Notes in Computer Science 670",
  ANNOTE        = "",
  COMMENT       = ""}

%G VDM90 Z
@INPROCEEDINGS{vdmfme:Diepen&90,
  KEY           = "Diepen\&90",
  AUTHOR        = "M.J.\ van Diepen and K.M.\ van Hee",
  EDITOR        = "Dines Bj\o{}rner,  C.A.R.\ Hoare and Hans Langmaack", 
  TITLE         = "{A formal semantics for Z and the link between Z and the
                   relational algebra}",
  BOOKTITLE     = "{VDM '90 VDM and Z-- Formal Methods in Software Development}",
  ORGANIZATION  = "VDM Europe",
  PUBLISHER     = "Springer-Verlag",
  YEAR          = "1990",
  MONTH         = "April", 
  PAGES         = "526--551",
  SIZE          = "26",
  ANNOTE        = "",
  COMMENT       = "I have the entire proceedings but I have not yet read it 
                   (PGL)."}

%G FME97 RAIL  
@INPROCEEDINGS{vdmfme:Dierks&97,
  KEY           = "Dierks\&97",
  AUTHOR        = {Henning Dierks and Cheryl Dietz},
  TITLE         = {Graphical Specification and Reasoning: Case Study 
                   Generalised Railroad Crossing},
  BOOKTITLE     = {FME'97: Industrial Applications and Strengthened
  Foundations of Formal Methods (Proc. 4th Intl. Symposium of Formal
  Methods Europe, Graz, Austria, September 1997)},
  EDITOR        = {John Fitzgerald and Cliff B. Jones and Peter Lucas},
  VOLUME        = {1313},
  SERIES        = {Lecture Notes in Computer Science},
  PUBLISHER     = {Springer-Verlag},
  MONTH         = {September},
  NOTE          = {ISBN 3-540-63533-5},
  PAGES         = {20--39}}

%G FME97 PVS
@INPROCEEDINGS{vdmfme:Dold&97,
  KEY           = "Dold\&97",
  AUTHOR        = {A. Dold and F.W. von Henke and H. Pfeifer and H. Rue\ss},
  TITLE         = {Formal Verification of Transformations for Peephole Optimization},
  BOOKTITLE     = {FME'97: Industrial Applications and Strengthened
  Foundations of Formal Methods (Proc. 4th Intl. Symposium of Formal
  Methods Europe, Graz, Austria, September 1997)},
  EDITOR        = {John Fitzgerald and Cliff B. Jones and Peter Lucas},
  VOLUME        = {1313},
  SERIES        = {Lecture Notes in Computer Science},
  PUBLISHER     = {Springer-Verlag},
  MONTH         = {September},
  NOTE          = {ISBN 3-540-63533-5},
  PAGES         = {459--472}}

%G VDM91 TOOL
@INPROCEEDINGS{vdmfme:Dollin91,
  KEY           = "Dollin91",
  AUTHOR        = "Chris Dollin",
  TITLE         = "{The HP-ST Toolset}",
  BOOKTITLE     = "{VDM '91: Formal Software Development Methods}",
  PUBLISHER     = "Springer-Verlag",
  YEAR          = "1991",
  MONTH         = "October",
  PAGES         = "687--688",
  ANNOTE        = "",
  COMMENT       = "I have the entire proceedings. PGL"}

%G VDM91 Z PROTO
@INPROCEEDINGS{vdmfme:Doma&91,
  KEY           = "Doma\&91",
  AUTHOR        = "Veronika Doma and Robin Nicholl",
  TITLE         = "{EZ: A System for Automatic Prototyping of Z
                    Specifications}",
  BOOKTITLE     = "{VDM '91: Formal Software Development Methods}",
  PUBLISHER     = "Springer-Verlag",
  YEAR          = "1991",
  MONTH         = "October",
  PAGES         = "189--203",
  ANNOTE        = "",
  COMMENT       = "Read 5/12-91 (PGL) I have the entire proceedings. PGL"}

%G FME93 CONCUR
@INPROCEEDINGS{vdmfme:Doumenc&93,
  KEY           = "Doumenc\&93",
  AUTHOR        = "Guillaume Doumenc \& Jean-Francois Monin",
  EDITOR        = "J.C.P.\ Woodcock and P.G.\ Larsen",
  TITLE         = "The Parallel Abstract Machine: A Common Execution
                   Model for FDTs",
  BOOKTITLE     = "FME'93: Industrial-Strength Formal Methods",
  ORGANIZATION  = "Formal Methods Europe",
  PUBLISHER     = "Springer-Verlag",
  ADDRESS       = "",
  YEAR          = "1993",
  MONTH         = "April",
  PAGES         = "285--293",
  SIZE          = "9",
  NOTE          = "Lecture Notes in Computer Science 670",
  ANNOTE        = "",
  COMMENT       = ""}

%G VDM90 Z OBJECT
@INPROCEEDINGS{vdmfme:Duke&90,
  KEY           = "Duke\&90",
  AUTHOR        = "David Duke and Roger Duke",
  EDITOR        = "Dines Bj\o{}rner,  C.A.R.\ Hoare and Hans Langmaack", 
  TITLE         = "{Towards a Semantics for Object-Z}",
  BOOKTITLE     = "{VDM '90 VDM and Z-- Formal Methods in Software Development}",
  ORGANIZATION  = "VDM Europe",
  PUBLISHER     = "Springer-Verlag",
  YEAR          = "1990",
  MONTH         = "April", 
  PAGES         = "244--261",
  SIZE          = "18",
  ANNOTE        = "",
  COMMENT       = "I have the entire proceedings but I have not yet read it 
                   (PGL)."}

%G FME94
@INPROCEEDINGS{vdmfme:Duke&94,
  KEY           = "Duke\&94",
  AUTHOR        = "D.J. Duke, M.D. Harrison",
  EDITOR        = "M. Naftalin, T. Denvir, M. Bertran",
  TITLE         = "A Theory of Presentations",
  BOOKTITLE     = "FME'94: Industrial Benefit of Formal Methods",
  PUBLISHER     = "Springer-Verlag",
  YEAR          = "1994",
  MONTH         = "October",
  PAGES         = "271-290",
  ANNOTE        = "",
  COMMENT       = "PGL has got the proceedings. ADN"}

%G FME93 VDM OBJECT
@INPROCEEDINGS{vdmfme:Durr&93,
  KEY           = "D{\"u}rr\&93",
  AUTHOR        = "Eugene D{\"u}rr \& Liesbeth Dusink",
  EDITOR        = "J.C.P.\ Woodcock and P.G.\ Larsen",
  TITLE         = "Role of VDM(++) in the Development of a Real-Time Tracking
                   and Tracing System",
  BOOKTITLE     = "FME'93: Industrial-Strength Formal Methods",
  ORGANIZATION  = "Formal Methods Europe",
  PUBLISHER     = "Springer-Verlag",
  ADDRESS       = "",
  YEAR          = "1993",
  MONTH         = "April",
  PAGES         = "64--72",
  SIZE          = "9",
  NOTE          = "Lecture Notes in Computer Science 670",
  ANNOTE        = "",
  COMMENT       = ""}

%G VDM PROOF PGLPHDINT VDM91
@INPROCEEDINGS{vdmfme:Elvang91,
  KEY           = "Elvang91",
  AUTHOR        = "Morten Elvang-G\o ransson",
  EDITOR        = "S.\ Prehn, W.J.\ Toetenel",
  TITLE         = "Reasoning About VDM Specifications",
  BOOKTITLE     = "{VDM '91: Formal Software Development Methods}",
  PUBLISHER     = "Springer-Verlag",
  YEAR          = "1991",
  PAGES         = "343--355",
  SIZE          = "13",
  ANNOTE        = "",
  COMMENT       = "BIB. PGL"}

%G FME94 VDM REFIN
@INPROCEEDINGS{vdmfme:Elvang&94,
  KEY           = "Elvang\&94",
  AUTHOR        = "Morten Elvang-G{\o}ransson, Robert E. Fields",
  EDITOR        = "M. Naftalin, T. Denvir, M. Bertran",
  TITLE         = "An Extended VDM Refinement Relation",
  BOOKTITLE     = "FME'94: Industrial Benefit of Formal Methods",
  PUBLISHER     = "Springer-Verlag",
  YEAR          = "1994",
  MONTH         = "October",
  PAGES         = "175-189",
  ANNOTE        = "",
  COMMENT       = "PGL has got the proceedings. ADN"}

%G FME93 CONCUR
@INPROCEEDINGS{vdmfme:Engelhardt&93,
  KEY           = "Engelhardt\&93",
  AUTHOR        = "Kai Engelhardt \& Willem-Paul de Roever",
  EDITOR        = "J.C.P.\ Woodcock and P.G.\ Larsen",
  TITLE         = "Generalizing Abadi \& Lamport's Method to Solve a
                   Problem posed by A. Pnueli",
  BOOKTITLE     = "FME'93: Industrial-Strength Formal Methods",
  ORGANIZATION  = "Formal Methods Europe",
  PUBLISHER     = "Springer-Verlag",
  ADDRESS       = "",
  YEAR          = "1993",
  MONTH         = "April",
  PAGES         = "294--313",
  SIZE          = "20",
  NOTE          = "Lecture Notes in Computer Science 670",
  ANNOTE        = "",
  COMMENT       = ""}

%G FME94 RAISE
@INPROCEEDINGS{vdmfme:Erasmy&94,
  KEY           = "Erasmy\&94",
  AUTHOR        = "Francois Erasmy, Emil Sekerinski",
  EDITOR        = "M. Naftalin, T. Denvir, M. Bertran",
  TITLE         = "Stepwise Refinement of Control Software - A Case
                  Study Using RAISE",
  BOOKTITLE     = "FME'94: Industrial Benefit of Formal Methods",
  PUBLISHER     = "Springer-Verlag",
  YEAR          = "1994",
  MONTH         = "October",
  PAGES         = "547-566",
  ANNOTE        = "",
  COMMENT       = "PGL has got the proceedings. ADN"}

%G FME94 Z
@INPROCEEDINGS{vdmfme:Evans94,
  KEY           = "Evans94",
  AUTHOR        = "Andy S. Evans",
  EDITOR        = "M. Naftalin, T. Denvir, M. Bertran",
  TITLE         = "Specifiying and Verifying Concurrent Systems Using Z",
  BOOKTITLE     = "FME'94: Industrial Benefit of Formal Methods",
  PUBLISHER     = "Springer-Verlag",
  YEAR          = "1994",
  MONTH         = "October",
  PAGES         = "366-380",
  ANNOTE        = "",
  COMMENT       = "PGL has got the proceedings. ADN"}

%G FME94 SART CCS
@INPROCEEDINGS{vdmfme:Fencott&94,
  KEY           = "Fencott\&94",
  AUTHOR        = "P.C. Fencott, A.J. Galloway, M.A. Lockyer,
                  S.J. O'Brien, S. Pearson",
  EDITOR        = "M. Naftalin, T. Denvir, M. Bertran",
  TITLE         = "Formalising the Semantics of Ward/Mellor SA/RT
                  Essential Models Using a Process Algebra",
  BOOKTITLE     = "FME'94: Industrial Benefit of Formal Methods",
  PUBLISHER     = "Springer-Verlag",
  YEAR          = "1994",
  MONTH         = "October",
  PAGES         = "681-702",
  ANNOTE        = "",
  COMMENT       = "PGL has got the proceedings. ADN"}

%G FME93 CONCUR Z
@INPROCEEDINGS{vdmfme:Fidge93,
  KEY           = "Fidge93",
  AUTHOR        = "Colin Fidge",
  EDITOR        = "J.C.P.\ Woodcock and P.G.\ Larsen",
  TITLE         = "Real-Time Refinement",
  BOOKTITLE     = "FME'93: Industrial-Strength Formal Methods",
  ORGANIZATION  = "Formal Methods Europe",
  PUBLISHER     = "Springer-Verlag",
  ADDRESS       = "",
  YEAR          = "1993",
  MONTH         = "April",
  PAGES         = "314--331",
  SIZE          = "18",
  NOTE          = "Lecture Notes in Computer Science 670",
  ANNOTE        = "",
  COMMENT       = ""}

%G FME94 Z TIME
@INPROCEEDINGS{vdmfme:Fidge94,
  KEY           = "Fidge94",
  AUTHOR        = "Colin Fidge",
  EDITOR        = "M. Naftalin, T. Denvir, M. Bertran",
  TITLE         = "Adding Real Time to Formal Program Development",
  BOOKTITLE     = "FME'94: Industrial Benefit of Formal Methods",
  PUBLISHER     = "Springer-Verlag",
  YEAR          = "1994",
  MONTH         = "October",
  PAGES         = "618-638",
  ANNOTE        = "",
  COMMENT       = "PGL has got the proceedings. ADN"}

%G FME96 REFIN TIME
@INPROCEEDINGS{vdmfme:Fidge&96,
  KEY           = "Fidge\&96",
  AUTHOR        = "C.\ Fidge, M.\ Utting, P.\ Kearney and I.\ Hayes",
  EDITOR        = "Marie-Claude Gaudel and Jim Woodcock",
  TITLE         = "{Integrating Real-Time Scheduling Theory and
                    Program Refinement}",
  BOOKTITLE     = "FME'96: Industrial Benefit and Advances in Formal Methods",
  PUBLISHER     = "Springer-Verlag",
  YEAR          = "1996",
  MONTH         = "March",
  PAGES         = "327--346",
  ANNOTE        = "",
  COMMENT       = "I have a copy PGL"}

%G FME93 Z LOTOS OBJECT
@INPROCEEDINGS{vdmfme:Fischer&93,
  KEY           = "Fischer\&93",
  AUTHOR        = "Joachim Fischer, Andreas Prinz, \& Andreas Vogel",
  EDITOR        = "J.C.P.\ Woodcock and P.G.\ Larsen",
  TITLE         = "Different FDTs Confronted with Different
                   ODP-viewpoints of the Trader",
  BOOKTITLE     = "FME'93: Industrial-Strength Formal Methods",
  ORGANIZATION  = "Formal Methods Europe",
  PUBLISHER     = "Springer-Verlag",
  ADDRESS       = "",
  YEAR          = "1993",
  MONTH         = "April",
  PAGES         = "332--350",
  SIZE          = "19",
  NOTE          = "Lecture Notes in Computer Science 670",
  ANNOTE        = "",
  COMMENT       = ""}

%G VDM IFADPUB APPLI FME94
@INPROCEEDINGS{vdmfme:Fitzgerald&94a,
  KEY           = "Fitzgerald\&94",
  AUTHOR        = "J.\ Fitzgerald, T.M.\ Brookes, M.A.\ Green, and
                   P.G.\ Larsen",
  EDITOR        = "Denvir, Naftalin, and Bertran",
  TITLE         = "{Formal and Informal Specifications of a Secure
                   System Component: first results in a comparative study}",
  BOOKTITLE     = "Formal Methods Europe '94 -- : Industrial Benefit 
                   of Formal Methods",
  PUBLISHER     = "Springer-Verlag",
  YEAR          = "1994",
  MONTH         = "October",
  PAGES         = "35-44",
  SIZE          = "10",
  ANNOTE        = "",
  COMMENT       = "I have a copy PGL"}

%G FME97
@PROCEEDINGS{FME'97,
  KEY           = "Fitzgerald\&97",
  TITLE         = {FME'97: Industrial Applications and Strengthened
                   Foundations of Formal Methods (Proc. 4th Intl. Symposium of Formal
                   Methods Europe, Graz, Austria, September 1997)},
  YEAR          = {1997},
  EDITOR        = {John Fitzgerald and Cliff B. Jones and Peter Lucas},
  VOLUME        = {1313},
  SERIES        = {Lecture Notes in Computer Science},
  PUBLISHER     = {Springer-Verlag},
  MONTH         = {September},
  NOTE          = {ISBN 3-540-63533-5}}

%G FME97 SDL              
@INPROCEEDINGS{vdmfme:Fleischhack&97,
  KEY           = "Fleischhack\&97",
  AUTHOR        = {Hans Fleischhack and Josef Tapken},
  TITLE         = {An M-Net Semantics for a Real-Time Extension of $\mu$SDL},
  BOOKTITLE     = {FME'97: Industrial Applications and Strengthened
  Foundations of Formal Methods (Proc. 4th Intl. Symposium of Formal
  Methods Europe, Graz, Austria, September 1997)},
  EDITOR        = {John Fitzgerald and Cliff B. Jones and Peter Lucas},
  VOLUME        = {1313},
  SERIES        = {Lecture Notes in Computer Science},
  PUBLISHER     = {Springer-Verlag},
  MONTH         = {September},
  NOTE          = {ISBN 3-540-63533-5},
  PAGES         = {162--181}}

%G FME93
@PROCEEDINGS{FME93,
  KEY           = "FME93",
  EDITOR        = "J.C.P.\ Woodcock and P.G.\ Larsen",
  TITLE         = "FME'93: Industrial-Strength Formal Methods",
  ORGANIZATION  = "Formal Methods Europe",
  PUBLISHER     = "Springer-Verlag",
  ADDRESS       = "",
  YEAR          = "1993",
  MONTH         = "April",
  SIZE          = "697",
  NOTE          = "Lecture Notes in Computer Science 670",
  ANNOTE        = "",
  COMMENT       = ""}
%G FME93

@PROCEEDINGS{FME93',
  KEY           = "FME93",
  EDITOR        = "J.C.P.\ Woodcock and P.G.\ Larsen",
  TITLE         = "FME'93: Industrial-Strength Formal Methods",
  ORGANIZATION  = "Formal Methods Europe",
  PUBLISHER     = "Springer-Verlag",
  ADDRESS       = "",
  YEAR          = "1993",
  MONTH         = "April",
  SIZE          = "697",
  NOTE          = "Lecture Notes in Computer Science 670",
  ANNOTE        = "",
  COMMENT       = ""}

%G FME96 VDM TOOL IFADPUB
@INPROCEEDINGS{vdmfme:Frohlich&96,
  KEY           = "Fr{\"o}hlich\&96",
  AUTHOR        = "Brigitte Fr{\"o}hlich and Peter Gorm Larsen",
  EDITOR        = "Marie-Claude Gaudel and Jim Woodcock",
  TITLE         = "{Combining VDM-SL Specifications with C++ Code}",
  BOOKTITLE     = "FME'96: Industrial Benefit and Advances in Formal Methods",
  PUBLISHER     = "Springer-Verlag",
  YEAR          = "1996",
  MONTH         = "March",
  PAGES         = "179--194",
  ANNOTE        = "",
  COMMENT       = "I have a copy PGL"}

%G VDM90 
@INPROCEEDINGS{vdmfme:Garlan&90b,
  KEY           = "Garlan\&90",
  AUTHOR        = "David Garlan and Norman Delisle",
  EDITOR        = "Dines Bj\o{}rner,  C.A.R.\ Hoare and Hans Langmaack", 
  TITLE         = "{Formal Specifications as Reusable Frameworks}",
  BOOKTITLE     = "{VDM '90 VDM and Z-- Formal Methods in Software Development}",
  ORGANIZATION  = "VDM Europe",
  PUBLISHER     = "Springer-Verlag",
  YEAR          = "1990",
  MONTH         = "April", 
  PAGES         = "150--163",
  SIZE          = "14",
  ANNOTE        = "",
  COMMENT       = "I have the entire proceedings but I have not yet read it 
                   (PGL)."}


%G VDM91 Z
@INPROCEEDINGS{vdmfme:Garlan&91,
  KEY           = "Garlan\&91",
  AUTHOR        = "Davis Garlan and David Notkin",
  TITLE         = "{Formalizing Design Spaces: Implicit Invocation 
                   Mechanisms}",
  BOOKTITLE     = "{VDM '91: Formal Software Development Methods}",
  PUBLISHER     = "Springer-Verlag",
  YEAR          = "1991",
  MONTH         = "October",
  PAGES         = "31--44",
  ANNOTE        = "",
  COMMENT       = "I have the entire proceedings. PGL"}

%G FME96 FORMAL
@PROCEEDINGS{Gaudel&96',
  KEY           = "Gaudel\&96",
  EDITOR        = "Marie-Claude Gaudel and Jim Woodcock",
  TITLE         = "FME'96: Industrial Benefit and Advances in Formal Methods",
  PUBLISHER     = "Springer-Verlag",
  YEAR          = "1996",
  MONTH         = "March",
  SIZE          = "701",
  ANNOTE        = "",
  COMMENT       = "I have a copy PGL"}

%G VDM APPLI VDM87
@INCOLLECTION{vdmfme:George87,
  KEY           = "George87",
  AUTHOR        = "C. George",
  TITLE         = "Heap Storage Specification and Development",
  BOOKTITLE     = "{VDM -- A Formal Method at Work}",
  PAGES         = "97-105", 
  PUBLISHER     = "Springer-Verlag",
  YEAR          = "1987",
  ANNOTE        = "",
  COMMENT       = ""}

%G VDM91 RAISE
@MISC{vdmfme:George91,
  KEY           = "George91",
  AUTHOR        = "Chris George",
  TITLE         = "{The RAISE Specification Language; A Tutorial}",
  YEAR          = "1991",
  MONTH         = "October",
  HOWPUBLISHED  = "Lecture Notes in Computer Science, Vol 552",
  SIZE          = "82",
  ANNOTE        = "",
  COMMENT       = "I have a copy (PBL)"}

%G FME96 RAISE APPLI RAIL
@INPROCEEDINGS{vdmfme:George96,
  KEY           = "George96",
  AUTHOR        = "Chris George",
  EDITOR        = "Marie-Claude Gaudel and Jim Woodcock",
  TITLE         = "{A Theory of Distributed Train Rescheduling}",
  BOOKTITLE     = "FME'96: Industrial Benefit and Advances in Formal Methods",
  PUBLISHER     = "Springer-Verlag",
  YEAR          = "1996",
  MONTH         = "March",
  PAGES         = "499--517",
  ANNOTE        = "",
  COMMENT       = "I have a copy PGL"}

%G VDM90 Z OBJECT HOOD
@INPROCEEDINGS{vdmfme:Giovanni&90,
  KEY           = "Giovanni\&90",
  AUTHOR        = "R.\ Di Giovanni and P.L.\ Iachini",
  EDITOR        = "Dines Bj\o{}rner,  C.A.R.\ Hoare and Hans Langmaack", 
  TITLE         = "{HOOD and Z for the Development of Complex Software Systems}",
  BOOKTITLE     = "{VDM '90 VDM and Z-- Formal Methods in Software Development}",
  ORGANIZATION  = "VDM Europe",
  PUBLISHER     = "Springer-Verlag",
  YEAR          = "1990",
  MONTH         = "April", 
  PAGES         = "262--289",
  SIZE          = "28",
  ANNOTE        = "",
  COMMENT       = "I have the entire proceedings but I have not yet read it 
                   (PGL)."}

%G VDM90 ALGEBRA
@INPROCEEDINGS{vdmfme:Goguen90,
  KEY           = "Goguen90",
  AUTHOR        = "Joseph A.\ Goguen",
  EDITOR        = "Dines Bj\o{}rner,  C.A.R.\ Hoare and Hans Langmaack", 
  TITLE         = "{An Algebraic Approach to Refinement}",
  BOOKTITLE     = "{VDM '90 VDM and Z-- Formal Methods in Software Development}",
  ORGANIZATION  = "VDM Europe",
  PUBLISHER     = "Springer-Verlag",
  YEAR          = "1990",
  MONTH         = "April", 
  PAGES         = "12--28",
  SIZE          = "17",
  ANNOTE        = "",
  COMMENT       = "I have the entire proceedings but I have not yet read it 
                   (PGL)."}

%G VDM APPLI VDM88
@INPROCEEDINGS{vdmfme:Goldsack88,
  KEY           = "Goldsack88",
  AUTHOR        = "S.J. Goldsack",
  TITLE         = "Specification of an Operating System Kernel Forest and 
                   VDM Compared",
  BOOKTITLE     = "VDM '88 VDM -- The Way Ahead",
  YEAR          = "1988",
  MONTH         = "September", 
  PAGES         = "88-100", 
  ANNOTE        = "",
  COMMENT       = ""}

%G VDM91 PROOF CONCUR
@INPROCEEDINGS{vdmfme:Goldschlag91,
  KEY           = "Goldschlag91",
  AUTHOR        = "David M.\ Goldschlag",
  TITLE         = "{A Mechanical Formalization of Several Fairness Notions}",
  BOOKTITLE     = "{VDM '91: Formal Software Development Methods}",
  PUBLISHER     = "Springer-Verlag",
  YEAR          = "1991",
  MONTH         = "October",
  PAGES         = "125--148",
  ANNOTE        = "",
  COMMENT       = "I have the entire proceedings. PGL"}

%G VDM88
@INPROCEEDINGS{vdmfme:Good88,
  KEY           = "Good88",
  AUTHOR        = "D.I.\ Good",
  TITLE         = "Computing is a Physical Science",
  BOOKTITLE     = "VDM '88 VDM -- The Way Ahead",
  YEAR          = "1988",
  MONTH         = "September", 
  PAGES         = "1-25", 
  ANNOTE        = "",
  COMMENT       = ""}

%G VDM91
@INPROCEEDINGS{vdmfme:Good&91,
  KEY           = "Good\&91",
  AUTHOR        = "Don I.\ Good and William D.\ Young",
  TITLE         = "{Mathematical Methods for Digital Systems Development}",
  BOOKTITLE     = "{VDM '91: Formal Software Development Methods}",
  PUBLISHER     = "Springer-Verlag",
  YEAR          = "1991",
  MONTH         = "October",
  PAGES         = "406--430",
  NOTE          = "Volume 2",
  ANNOTE        = "",
  COMMENT       = "I have the entire proceedings. PGL"}

%G VDM90 Z CONCUR
@INPROCEEDINGS{vdmfme:Gotzhein90,
  KEY           = "Gotzhein90",
  AUTHOR        = "Reinhard Gotzhein",
  EDITOR        = "Dines Bj\o{}rner,  C.A.R.\ Hoare and Hans Langmaack", 
  TITLE         = "{Specifying Open Distributed Systems with Z}",
  BOOKTITLE     = "{VDM '90 VDM and Z-- Formal Methods in Software Development}",
  ORGANIZATION  = "VDM Europe",
  PUBLISHER     = "Springer-Verlag",
  YEAR          = "1990",
  MONTH         = "April", 
  PAGES         = "319--339",
  SIZE          = "21",
  ANNOTE        = "",
  COMMENT       = "I have the entire proceedings but I have not yet read it 
                   (PGL)."}

%G FME97
@INPROCEEDINGS{vdmfme:Gregoire97,
  KEY           = "Gr\'{e}goire97",
  AUTHOR        = {J.-Ch. Gr\'{e}goire},
  TITLE         = {{TLA + PROMELA:} Conjecture, Check, Proof. Engineering New 
                   Protocols Using Methods and Formal Notations},
  BOOKTITLE     = {FME'97: Industrial Applications and Strengthened
  Foundations of Formal Methods (Proc. 4th Intl. Symposium of Formal
  Methods Europe, Graz, Austria, September 1997)},
  EDITOR        = {John Fitzgerald and Cliff B. Jones and Peter Lucas},
  VOLUME        = {1313},
  SERIES        = {Lecture Notes in Computer Science},
  PUBLISHER     = {Springer-Verlag},
  MONTH         = {September},
  YEAR = {1997},
  NOTE          = {ISBN 3-540-63533-5},
  PAGES         = {378--397}}

%G FME96 OBJECT COMBI
@INPROCEEDINGS{vdmfme:Groenboom&96,
  KEY           = "Groenboom\&96",
  AUTHOR        = "Rix Groenboom, Erik Saaman, Ernest Rotterdam and
                   Gerard Renardel de Lavalette",
  EDITOR        = "Marie-Claude Gaudel and Jim Woodcock",
  TITLE         = "{Formalizing Anasthesia: a case study in formal
                   specification}",
  BOOKTITLE     = "FME'96: Industrial Benefit and Advances in Formal Methods",
  PUBLISHER     = "Springer-Verlag",
  YEAR          = "1996",
  MONTH         = "March",
  PAGES         = "120--139",
  ANNOTE        = "",
  COMMENT       = "I have a copy PGL"}

%G VDM91 LARCH
@INPROCEEDINGS{vdmfme:Guttag91,
  KEY           = "Guttag91",
  AUTHOR        = "John V.\ Guttag",
  TITLE         = "{The Larch Approach to Specification}",
  BOOKTITLE     = "{VDM '91: Formal Software Development Methods}",
  PUBLISHER     = "Springer-Verlag",
  YEAR          = "1991",
  MONTH         = "October",
  PAGES         = "10",
  ANNOTE        = "",
  COMMENT       = "I have the entire proceedings. PGL"}

%G VDM91 LARCH
@INPROCEEDINGS{vdmfme:Gutag&91,
  KEY           = "Guttag\&91",
  AUTHOR        = "John V.\ Guttag and James J.\ Horning",
  TITLE         = "{A Tutorial on Larch and LCL, A Larch/C 
                    Interface Language}",
  BOOKTITLE     = "{VDM '91: Formal Software Development Methods}",
  PUBLISHER     = "Springer-Verlag",
  YEAR          = "1991",
  MONTH         = "October",
  PAGES         = "1--78",
  NOTE          = "Volume 2",
  ANNOTE        = "",
  COMMENT       = "I have the entire proceedings. PGL"}

%G FME94 APPLI
@INPROCEEDINGS{vdmfme:Guttman&94,
  KEY           = "Guttman\&94",
  AUTHOR        = "Joshua D. Guttman, Dale M. Johnson",
  EDITOR        = "M. Naftalin, T. Denvir, M. Bertran",
  TITLE         = "Three Applications of Formal Methods at MITRE",
  BOOKTITLE     = "FME'94: Industrial Benefit of Formal Methods",
  PUBLISHER     = "Springer-Verlag",
  YEAR          = "1994",
  MONTH         = "October",
  PAGES         = "55-65",
  ANNOTE        = "",
  COMMENT       = "PGL has got the proceedings. ADN"}

%G FME93 B OBJECT
@INPROCEEDINGS{vdmfme:Gunther&93,
  KEY           = "G{\"u}nther\&93",
  AUTHOR        = "Thomas G{\"u}nther, Klaus-Dieter Schewe, \& Ingrid Wetzel",
  EDITOR        = "J.C.P.\ Woodcock and P.G.\ Larsen",
  TITLE         = "On the Derivation of Executable Database Programs
                   from Formal Specifications",
  BOOKTITLE     = "FME'93: Industrial-Strength Formal Methods",
  ORGANIZATION  = "Formal Methods Europe",
  PUBLISHER     = "Springer-Verlag",
  ADDRESS       = "",
  YEAR          = "1993",
  MONTH         = "April",
  PAGES         = "351--366",
  SIZE          = "16",
  NOTE          = "Lecture Notes in Computer Science 670",
  ANNOTE        = "",
  COMMENT       = ""}

%G FME94 RAISE
@INPROCEEDINGS{vdmfme:Gortz94,
  KEY           = "G{\o}rtz94",
  AUTHOR        = "Jesper G{\o}rtz",
  EDITOR        = "M. Naftalin, T. Denvir, M. Bertran",
  TITLE         = "Specifying Safety and Progress Properties with RSL",
  BOOKTITLE     = "FME'94: Industrial Benefit of Formal Methods",
  PUBLISHER     = "Springer-Verlag",
  YEAR          = "1994",
  MONTH         = "October",
  PAGES         = "567-581",
  ANNOTE        = "",
  COMMENT       = "PGL has got the proceedings. ADN"}

%%%%%%%%%%
%%%%%%%%%% H H H H H H H H H H H H H H H H H H H H H H H H H 
%%%%%%%%%%

%G VDM90
@INPROCEEDINGS{vdmfme:Haastrup&90,
  KEY           = "Haastrup\&90",
  AUTHOR        = "Peter Haastrup and Christian Gram",
  EDITOR        = "Dines Bj\o{}rner,  C.A.R.\ Hoare and Hans Langmaack", 
  TITLE         = "{Correctness in the Small}",
  BOOKTITLE     = "{VDM '90 VDM and Z-- Formal Methods in Software Development}",
  ORGANIZATION  = "VDM Europe",
  PUBLISHER     = "Springer-Verlag",
  YEAR          = "1990",
  MONTH         = "April", 
  PAGES         = "72--98",
  SIZE          = "27",
  ANNOTE        = "",
  COMMENT       = "I have the entire proceedings but I have not yet read it 
                   (PGL)."}
%G VDM STD VDM87
@INCOLLECTION{vdmfme:Haff&87,
  KEY           = "Haff\&87",
  AUTHOR        = "P.Haff, A.V.Olsen",
  TITLE         = "Use of VDM within CCITT",
  BOOKTITLE     = "{VDM -- A Formal Method at Work}",
  PAGES         = "324-330", 
  PUBLISHER     = "Springer-Verlag",
  YEAR          = "1987",
  ANNOTE        = "",
  COMMENT       = ""}

%G VDM90 Z OBJECT
@INPROCEEDINGS{vdmfme:Hall90,
  KEY           = "Hall90",
  AUTHOR        = "Anthony Hall",
  EDITOR        = "Dines Bj\o{}rner,  C.A.R.\ Hoare and Hans Langmaack", 
  TITLE         = "{Using Z as a Specification Calculus for Object-Oriented
                   Systems}",
  BOOKTITLE     = "{VDM '90 VDM and Z-- Formal Methods in Software Development}",
  ORGANIZATION  = "VDM Europe",
  PUBLISHER     = "Springer-Verlag",
  YEAR          = "1990",
  MONTH         = "April", 
  PAGES         = "290--318",
  SIZE          = "29",
  ANNOTE        = "",
  COMMENT       = "I have the entire proceedings but I have not yet read it 
                   (PGL)."}

%G FME94 ML VDM APPLI RAIL
@INPROCEEDINGS{vdmfme:Hansen94b,
  KEY           = "Hansen94",
  AUTHOR        = "Kirsten Mark Hansen",
  EDITOR        = "M. Naftalin, T. Denvir, M. Bertran",
  TITLE         = "Validation of a Railway Interlocking Model",
  BOOKTITLE     = "FME'94: Industrial Benefit of Formal Methods",
  PUBLISHER     = "Springer-Verlag",
  YEAR          = "1994",
  MONTH         = "October",
  PAGES         = "582-601",
  ANNOTE        = "",
  COMMENT       = "PGL has got the proceedings. ADN"}

%G VDM90 RAISE IPTESINT
@MISC{vdmfme:Havelund90,
  KEY           = "Havelund90",
  AUTHOR        = "Klaus Havelund",
  TITLE         = "{An RSL Tutorial}",
  YEAR          = "1990",
  MONTH         = "April",
  HOWPUBLISHED  = "VDM '90 Tutorial",
  SIZE          = "267",
  ANNOTE        = "",
  COMMENT       = "I have received a nice copy of this manual at the VDM '90
                   symposium but I have not yet read it (PGL)."}

%G VDM90 RAISE IPTESINT
@MISC{vdmfme:Havelund&90,
  KEY           = "Havelund\&90",
  AUTHOR        = "Klaus Havelund and Anne Haxthausen",
  TITLE         = "{RSL Reference Manual}",
  YEAR          = "1990",
  MONTH         = "April",
  HOWPUBLISHED  = "VDM '90 Tutorial",
  SIZE          = "193",
  ANNOTE        = "",
  COMMENT       = "I have received a nice copy of this manual at the VDM '90
                   symposium but I have not yet read it (PGL)."}

%G FME96 PVS MODEL
@INPROCEEDINGS{vdmfme:Havelund&96,
  KEY           = "Havelund\&96",
  AUTHOR        = "Klaus Havelund and Natarajan Shankar",
  EDITOR        = "Marie-Claude Gaudel and Jim Woodcock",
  TITLE         = "{Experiments in Theorem Proving and Model Checking
                    for Protocol Verification}",
  BOOKTITLE     = "FME'96: Industrial Benefit and Advances in Formal Methods",
  PUBLISHER     = "Springer-Verlag",
  YEAR          = "1996",
  MONTH         = "March",
  PAGES         = "662--681",
  ANNOTE        = "",
  COMMENT       = "I have a copy PGL"}

%G THEORY VDM88
@INPROCEEDINGS{vdmfme:Haxthausen88,
  KEY           = "Haxthausen 88",
  AUTHOR        = "A.E. Haxthausen",
  TITLE         = "Mutually Recursive Algebraic Domain Equations",
  BOOKTITLE     = "VDM '88 VDM -- The Way Ahead",
  YEAR          = "1988",
  MONTH         = "September", 
  PAGES         = "299-317", 
  ANNOTE        = "",
  COMMENT       = ""}

%G VDM90 RAISE
@MISC{vdmfme:Haxthausen90,
  KEY           = "Haxthausen90",
  AUTHOR        = "Anne Haxthausen",
  TITLE         = "{A Tutorial on RAISE}",
  NOTE          = "(slides)",
  YEAR          = "1990",
  MONTH         = "April",
  HOWPUBLISHED  = "VDM '90 Tutorial",
  SIZE          = "71",
  ANNOTE        = "",
  COMMENT       = "I have a copy of these slides from the VDM '90
                   symposium (PGL)."}

%G FME93 RAISE
@INPROCEEDINGS{vdmfme:Haxthausen&93,
  KEY           = "Haxthausen\&93",
  AUTHOR        = "Anne Haxthausen \& Chris George",
  EDITOR        = "J.C.P.\ Woodcock and P.G.\ Larsen",
  TITLE         = "A Concurrency Case Study using RAISE",
  BOOKTITLE     = "FME'93: Industrial-Strength Formal Methods",
  ORGANIZATION  = "Formal Methods Europe",
  PUBLISHER     = "Springer-Verlag",
  ADDRESS       = "",
  YEAR          = "1993",
  MONTH         = "April",
  PAGES         = "367--387",
  SIZE          = "21",
  NOTE          = "Lecture Notes in Computer Science 670",
  ANNOTE        = "",
  COMMENT       = ""}

%G VDM PROTO VDM87
@INCOLLECTION{vdmfme:Hass87a,
  KEY           = "Ha{\ss}87",
  AUTHOR        = "M. Ha{\ss}",
  TITLE         = "Development and Application of a Meta IV Compiler",
  BOOKTITLE     = "{VDM -- A Formal Method at Work}",
  PAGES         = "118-140", 
  PUBLISHER     = "Springer-Verlag",
  YEAR          = "1987",
  ANNOTE        = "",
  COMMENT       = ""}

%G FME93 LOTOS OBJECT
@INPROCEEDINGS{vdmfme:Hedlund93,
  KEY           = "Hedlund93",
  AUTHOR        = "Mikael Hedlund",
  EDITOR        = "J.C.P.\ Woodcock and P.G.\ Larsen",
  TITLE         = "The Integration of LOTOS with an Object-Oriented
                   Development Method",
  BOOKTITLE     = "FME'93: Industrial-Strength Formal Methods",
  ORGANIZATION  = "Formal Methods Europe",
  PUBLISHER     = "Springer-Verlag",
  ADDRESS       = "",
  YEAR          = "1993",
  MONTH         = "April",
  PAGES         = "73--82",
  SIZE          = "10",
  NOTE          = "Lecture Notes in Computer Science 670",
  ANNOTE        = "",
  COMMENT       = ""}

%G VDM91 PETRI Z
@INPROCEEDINGS{vdmfme:Hee&91,
  KEY           = "Hee\&91",
  AUTHOR        = "K.M.\ van Hee, L.J.\ Somers and M.\ Voorhoeve",
  TITLE         = "{Z and High Level Petri Nets}",
  BOOKTITLE     = "{VDM '91: Formal Software Development Methods}",
  PUBLISHER     = "Springer-Verlag",
  YEAR          = "1991",
  MONTH         = "October",
  PAGES         = "204--219",
  ANNOTE        = "",
  COMMENT       = "I have the entire proceedings. PGL"}

%G FME97 Z
@INPROCEEDINGS{vdmfme:Hemer&97,
  KEY           = "Hemer\&97",
  AUTHOR        = {David Hemer and Peter A. Lindsay},
  TITLE         = {Reuse of Verified Design Templates Through Extended Pattern Matching},
  BOOKTITLE     = {FME'97: Industrial Applications and Strengthened
  Foundations of Formal Methods (Proc. 4th Intl. Symposium of Formal
  Methods Europe, Graz, Austria, September 1997)},
  EDITOR        = {John Fitzgerald and Cliff B. Jones and Peter Lucas},
  VOLUME        = {1313},
  SERIES        = {Lecture Notes in Computer Science},
  PUBLISHER     = {Springer-Verlag},
  MONTH         = {September},
  NOTE          = {ISBN 3-540-63533-5},
  PAGES         = {495--514}}

%G VDM91 TOOL VDM
@INPROCEEDINGS{vdmfme:Heping&91,
  KEY           = "Heping\&91",
  AUTHOR        = "H.\ Heping and H.\ Zedan",
  TITLE         = "{Prototyping with Temporal VDM -- A Status Report}",
  BOOKTITLE     = "{VDM '91: Formal Software Development Methods}",
  PUBLISHER     = "Springer-Verlag",
  YEAR          = "1991",
  MONTH         = "October",
  PAGES         = "681--682",
  ANNOTE        = "",
  COMMENT       = "I have the entire proceedings. PGL"}

%G FME96 FORMAL
@INPROCEEDINGS{vdmfme:Hoare96,
  KEY           = "Hoare96",
  AUTHOR        = "C.A.R.\ Hoare",
  EDITOR        = "Marie-Claude Gaudel and Jim Woodcock",
  TITLE         = "{How Did Software Get So Reliable Without Proof?}",
  BOOKTITLE     = "FME'96: Industrial Benefit and Advances in Formal Methods",
  PUBLISHER     = "Springer-Verlag",
  YEAR          = "1996",
  MONTH         = "March",
  PAGES         = "1--17",
  ANNOTE        = "",
  COMMENT       = "I have a copy PGL"}

%G FME96 X B APPLI
@INPROCEEDINGS{vdmfme:Hoare&96,
  KEY           = "Hoare\&96",
  AUTHOR        = "Jonathan Hoare, Jeremy Dick, Dave Neilson and 
                   Ib S{\o"}rensen",
  EDITOR        = "Marie-Claude Gaudel and Jim Woodcock",
  TITLE         = "{Applying the B Technology to CICS}",
  BOOKTITLE     = "FME'96: Industrial Benefit and Advances in Formal Methods",
  PUBLISHER     = "Springer-Verlag",
  YEAR          = "1996",
  MONTH         = "March",
  PAGES         = "74--84",
  ANNOTE        = "",
  COMMENT       = "I have a copy PGL"}

%G VDM91 TOOL
@INPROCEEDINGS{vdmfme:Hoffmann&91,
  KEY           = "Hoffmann\&91",
  AUTHOR        = "Berthold Hoffmann and Bernd Krieg-Br{\"u}ckner",
  TITLE         = "{The PROSPECTRA System}",
  BOOKTITLE     = "{VDM '91: Formal Software Development Methods}",
  PUBLISHER     = "Springer-Verlag",
  YEAR          = "1991",
  MONTH         = "October",
  PAGES         = "668--669",
  ANNOTE        = "",
  COMMENT       = "I have the entire proceedings. PGL"}

%G VDM91 Z TOOL
@INPROCEEDINGS{vdmfme:Houston91,
  KEY           = "Houston91",
  AUTHOR        = "Iain Houston",
  TITLE         = "{The IBM Z Tool}",
  BOOKTITLE     = "{VDM '91: Formal Software Development Methods}",
  PUBLISHER     = "Springer-Verlag",
  YEAR          = "1991",
  MONTH         = "October",
  PAGES         = "691--692",
  ANNOTE        = "",
  COMMENT       = "I have the entire proceedings. PGL"}

%G Z APPLI PGLPHDINT VDM91
@INPROCEEDINGS{vdmfme:Houston&91,
  KEY           = "Houston\&91",
  AUTHOR        = "Iain Houston and Steve King",
  EDITOR        = "S.\ Prehn and W.J.\ Toetenel",
  TITLE         = "{CICS Project Report: Experiences and Results from
                   the use of Z in IBM}",
  BOOKTITLE     = "VDM'91 -- Formal Software Development Methods",
  PUBLISHER     = "Springer-Verlag",
  YEAR          = "1991",
  MONTH         = "October",
  PAGES         = "588--696",
  ANNOTE        = "",
  COMMENT       = "I have the proceedings PGL"}

%G FME97 
@INPROCEEDINGS{vdmfme:Huber&97,
  KEY           = "Huber\&97",
  AUTHOR        = {Franz Huber and Bernhard Sch\"{a}tz and Geralf Einert},
  TITLE         = {Consistent Graphical Specification of Distributed Systems},
  BOOKTITLE     = {FME'97: Industrial Applications and Strengthened
  Foundations of Formal Methods (Proc. 4th Intl. Symposium of Formal
  Methods Europe, Graz, Austria, September 1997)},
  EDITOR        = {John Fitzgerald and Cliff B. Jones and Peter Lucas},
  VOLUME        = {1313},
  SERIES        = {Lecture Notes in Computer Science},
  PUBLISHER     = {Springer-Verlag},
  MONTH         = {September},
  NOTE          = {ISBN 3-540-63533-5},
  PAGES         = {122-141}}

%G FME96 VALI TOOL
@INPROCEEDINGS{vdmfme:Hutter&96,
  KEY           = "Hutter\&96",
  AUTHOR        = "Dieter Hutter, Bruno Langenstein, Claus Sengler, 
                   J{\"o}rg Siekmann, Werner Stephan and Andreas Wolpers",
  EDITOR        = "Marie-Claude Gaudel and Jim Woodcock",
  TITLE         = "{Deduction in the Verification Support Environment (VSE)}",
  BOOKTITLE     = "FME'96: Industrial Benefit and Advances in Formal Methods",
  PUBLISHER     = "Springer-Verlag",
  YEAR          = "1996",
  MONTH         = "March",
  PAGES         = "268--286",
  ANNOTE        = "",
  COMMENT       = "I have a copy PGL"}

%G FME94 PGLPHDINT
@INPROCEEDINGS{vdmfme:Jackson94,
  KEY           = "Jackson94",
  AUTHOR        = "Daniel Jackson",
  EDITOR        = "M. Naftalin, T. Denvir, M. Bertran",
  TITLE         = "Abstract Model Checking of Infinite Specifications",
  BOOKTITLE     = "FME'94: Industrial Benefit of Formal Methods",
  PUBLISHER     = "Springer-Verlag",
  YEAR          = "1994",
  MONTH         = "October",
  PAGES         = "519-531",
  ANNOTE        = "",
  COMMENT       = "PGL has got the proceedings. ADN"}

%G FME96 CSP SCHEDUL
@INPROCEEDINGS{vdmfme:Jackson96,
  KEY           = "Jackson96",
  AUTHOR        = "David M.\ Jackson",
  EDITOR        = "Marie-Claude Gaudel and Jim Woodcock",
  TITLE         = "{Experiences in Embedded Scheduling}",
  BOOKTITLE     = "FME'96: Industrial Benefit and Advances in Formal Methods",
  PUBLISHER     = "Springer-Verlag",
  YEAR          = "1996",
  MONTH         = "March",
  PAGES         = "445--464",
  ANNOTE        = "",
  COMMENT       = "I have a copy PGL"}

%G FME93 Z
@INPROCEEDINGS{vdmfme:Jacky93,
  KEY           = "Jacky93",
  AUTHOR        = "Jonathan Jacky",
  EDITOR        = "J.C.P.\ Woodcock and P.G.\ Larsen",
  TITLE         = "Specifying a Safety-Critical Control System in Z",
  BOOKTITLE     = "FME'93: Industrial-Strength Formal Methods",
  ORGANIZATION  = "Formal Methods Europe",
  PUBLISHER     = "Springer-Verlag",
  ADDRESS       = "",
  YEAR          = "1993",
  MONTH         = "April",
  PAGES         = "388-402",
  SIZE          = "15",
  NOTE          = "Lecture Notes in Computer Science 670",
  ANNOTE        = "",
  COMMENT       = ""}

%G IPTESINT VDM PROTO VDM88
@INPROCEEDINGS{vdmfme:Jiang&88,
  KEY           = "Jiang\&88",
  AUTHOR        = "XinJie Jiang and YongSen Xu",
  EDITOR        = "R.\ Bloomfield, L.\ Marshall and R.\ Jones",
  TITLE         = "{NUSL: An Executable Specification Language based on
                   Data Abstraction}",
  BOOKTITLE     = "{VDM '88 -- VDM The Way Ahead}",
  ORGANIZATION  = "VDM-Europe",
  PUBLISHER     = "Springer-Verlag",
  YEAR          = "1988",
  MONTH         = "September",
  PAGES         = "124--138",
  SIZE          = "15",
  ANNOTE        = "",
  COMMENT       = "I have read it (6/2-91) and I have the whole proceedings
                   (PGL)."}

%G VDM TOOL VDM87
@INCOLLECTION{vdmfme:Jones87d,
  KEY           = "Jones87",
  AUTHOR        = "K.D. Jones",
  TITLE         = "Support Environments for VDM",
  BOOKTITLE     = "{VDM -- A Formal Method at Work}",
  PAGES         = "110-117", 
  PUBLISHER     = "Springer-Verlag",
  YEAR          = "1987",
  ANNOTE        = "",
  COMMENT       = ""}

%G VDM APPLI VDM87
@INCOLLECTION{vdmfme:Jones87e,
  KEY           = "Jones87",
  AUTHOR        = "K.D. Jones",
  TITLE         = "A Formal Semantics for a DataFlow Machine -- Using VDM",
  BOOKTITLE     = "{VDM -- A Formal Method at Work}",
  PAGES         = "331-355", 
  PUBLISHER     = "Springer-Verlag",
  YEAR          = "1987",
  ANNOTE        = "",
  COMMENT       = ""}

%G VDM PROOF VDM87
@INPROCEEDINGS{vdmfme:Jones87f,
  KEY           = "Jones87",
  AUTHOR        = "Cliff B.\ Jones",
  EDITOR        = "Bj\o{}rner, Jones, Airchinnigh and Neuhold",
  TITLE         = "{VDM Proof Obligations and their Justification}",
  BOOKTITLE     = "{VDM '87 VDM -- A Formal Method at Work}",
  ORGANIZATION  = "VDM-Europe",
  PUBLISHER     = "Springer-Verlag LNCS 252",
  YEAR          = "1987",
  PAGES         = "260--286",
  SIZE          = "27",
  ANNOTE        = "This paper explores the proof obligation aspect
                   of VDM. Our interest in this material lies in
                   the semantic definition of a non\-de\-ter\-mi\-nis\-tic
                   language. The semantic model used consists of
                   a termination set and a meaning relation.",
  COMMENT       = "I have read it but I don't have a copy of it (PGL)."}

%G FME93 OBJECT CONCUR
@INPROCEEDINGS{vdmfme:Jones93,
  KEY           = "Jones93",
  AUTHOR        = "Cliff B.\ Jones",
  EDITOR        = "J.C.P.\ Woodcock and P.G.\ Larsen",
  TITLE         = "Reasoning about Interference in an Object-Based
                   Design Method",
  BOOKTITLE     = "FME'93: Industrial-Strength Formal Methods",
  ORGANIZATION  = "Formal Methods Europe",
  PUBLISHER     = "Springer-Verlag",
  ADDRESS       = "",
  YEAR          = "1993",
  MONTH         = "April",
  PAGES         = "1--18",
  SIZE          = "18",
  NOTE          = "Lecture Notes in Computer Science 670",
  ANNOTE        = "",
  COMMENT       = ""}

%G VDM PROOF TOOL VDM88
@INPROCEEDINGS{vdmfme:Jones&88a,
  KEY           = "Jones\&88a",
  AUTHOR        = "C.B. Jones and P.A. Lindsay",
  TITLE         = "A Support System for Formal Reasoning: Requirements and
                   Status",
  BOOKTITLE     = "VDM '88 VDM -- The Way Ahead",
  YEAR          = "1988",
  MONTH         = "September", 
  PAGES         = "139-152", 
  ANNOTE        = "",
  COMMENT       = ""}

%G VDM PROOF TOOL VDM88
@INPROCEEDINGS{vdmfme:Jones&88b,
  KEY           = "Jones\&88b",
  AUTHOR        = "C.B. Jones and R. Moore",
  TITLE         = "Muffin: A User Interface Design Experiment for a Theorem 
                   Proving Assistant",
  BOOKTITLE     = "VDM '88 VDM -- The Way Ahead",
  YEAR          = "1988",
  MONTH         = "September", 
  PAGES         = "337-375", 
  ANNOTE        = "",
  COMMENT       = ""}

%G VDM90 COLD KDBINT
@TECHREPORT{Jonkers88a,
  KEY           = "Jonkers88",
  AUTHOR        = "Hans Jonkers",
  TITLE         = "{A Concrete Syntax for COLD-K}",
  INSTITUTION   = "Philips Research Labs",
  YEAR          = "1988",
  MONTH         = "January",
  NUMBER        = "METEOR/t8/PRLE/2",
  SIZE          = "18",
  ANNOTE        = "",
  COMMENT       = "BIB. I have not yet read it (PGL).
                   This was used as part of COLD tutorial at the
                   VDM 90 conference."}

%G VDM90 COLD
@TECHREPORT{Jonkers88b,
  KEY           = "Jonkers88",
  AUTHOR        = "Hans Jonkers",
  TITLE         = "{An Introduction to COLD-K}",
  INSTITUTION   = "Philips Research Labs",
  YEAR          = "1988",
  MONTH         = "July",
  NUMBER        = "METEOR/t8/PRLE/8",
  SIZE          = "67",
  ANNOTE        = "",
  COMMENT       = "BIB. I have two copies of it and I have read it (PGL).
                   This was used as part of COLD tutorial at the
                   VDM 90 conference."}

%G VDM91 COLD
@INPROCEEDINGS{vdmfme:Jonkers91,
  KEY           = "Jonkers91",
  AUTHOR        = "H.B.M.\ Jonkers",
  TITLE         = "{Upgrading the pre- and postcondition technique}",
  BOOKTITLE     = "{VDM '91: Formal Software Development Methods}",
  PUBLISHER     = "Springer-Verlag",
  YEAR          = "1991",
  MONTH         = "October",
  PAGES         = "428--456",
  ANNOTE        = "",
  COMMENT       = "I have the entire proceedings. PGL"}

%G FME93 COLD
@INPROCEEDINGS{vdmfme:Jonkers93,
  KEY           = "Jonkers93",
  AUTHOR        = "Hans Jonkers",
  EDITOR        = "J.C.P.\ Woodcock and P.G.\ Larsen",
  TITLE         = "An Overview of the SPRINT Method",
  BOOKTITLE     = "FME'93: Industrial-Strength Formal Methods",
  ORGANIZATION  = "Formal Methods Europe",
  PUBLISHER     = "Springer-Verlag",
  ADDRESS       = "",
  YEAR          = "1993",
  MONTH         = "April",
  PAGES         = "403--427",
  SIZE          = "25",
  NOTE          = "Lecture Notes in Computer Science 670",
  ANNOTE        = "",
  COMMENT       = ""}

%G FUNPRO VDM PROTO IPTESINT VDM88
@INPROCEEDINGS{vdmfme:Jager&88,
  KEY           = "J{\"a}ger\&88",
  AUTHOR        = "M.\ J{\"a}ger,  M.\ Gloger and S.\ Kaes",
  EDITOR        = "R.\ Bloomfield, L.\ Marshall and R.\ Jones",
  TITLE         = "{SAMPLE -- A Functional Language}",
  BOOKTITLE     = "{VDM '88, VDM  -- The Way Ahead}",
  ORGANIZATION  = "VDM-Europe",
  PUBLISHER     = "Springer-Verlag",
  YEAR          = "1988",
  MONTH         = "September",
  PAGES         = "202--217",
  SIZE          = "16",
  ANNOTE        = "",
  COMMENT       = "I have the whole proceedings and I have read it
                   6/2-91 (PGL)."}

%G VDM91 Z TOOL
@INPROCEEDINGS{vdmfme:Jordan91,
  KEY           = "Jordan91",
  AUTHOR        = "David Jordan",
  TITLE         = "{CADiZ -- Computer Aided Design in Z}",
  BOOKTITLE     = "{VDM '91: Formal Software Development Methods}",
  PUBLISHER     = "Springer-Verlag",
  YEAR          = "1991",
  MONTH         = "October",
  PAGES         = "685--686",
  ANNOTE        = "",
  COMMENT       = "I have the entire proceedings. PGL"}

%G FME93
@INPROCEEDINGS{vdmfme:Kalinichenko&93,
  KEY           = "Kalinichenko\&93",
  AUTHOR        = "Leonid Kalinichenko, Nikolaj Nikitchenko, \&
                   Vladimir Zadorozhny",
  EDITOR        = "J.C.P.\ Woodcock and P.G.\ Larsen",
  TITLE         = "Application of Composition Development Method for
                   Definition of SYNTHESIS Information Resource Query
                   Language Semantics",
  BOOKTITLE     = "FME'93: Industrial-Strength Formal Methods",
  ORGANIZATION  = "Formal Methods Europe",
  PUBLISHER     = "Springer-Verlag",
  ADDRESS       = "",
  YEAR          = "1993",
  MONTH         = "April",
  PAGES         = "428--441",
  SIZE          = "14",
  NOTE          = "Lecture Notes in Computer Science 670",
  ANNOTE        = "",
  COMMENT       = ""}

%G FME96 LARCH
@INPROCEEDINGS{vdmfme:Kannikeswaran&96,
  KEY           = "Kannikeswaran\&96",
  AUTHOR        = "Balakrishnan Kannikeswaran, Radharamanan Radhakrishnan,
                   Peter Frey, Perry Alexander and Phillip Wilsey",
  EDITOR        = "Marie-Claude Gaudel and Jim Woodcock",
  TITLE         = "{Formal Specification and Verification of the 
                   pGVT Algorithm}",
  BOOKTITLE     = "FME'96: Industrial Benefit and Advances in Formal Methods",
  PUBLISHER     = "Springer-Verlag",
  YEAR          = "1996",
  MONTH         = "March",
  PAGES         = "405--424",
  ANNOTE        = "",
  COMMENT       = "I have a copy PGL"}

%G FME96 ACTION Z
@INPROCEEDINGS{vdmfme:Kasurinen&96,
  KEY           = "Kasurien\&96",
  AUTHOR        = "V.\ Kasurinen and K.\ Sere",
  EDITOR        = "Marie-Claude Gaudel and Jim Woodcock",
  TITLE         = "{Integrating Action Systems and Z in a Medical
                    System Specification}",
  BOOKTITLE     = "FME'96: Industrial Benefit and Advances in Formal Methods",
  PUBLISHER     = "Springer-Verlag",
  YEAR          = "1996",
  MONTH         = "March",
  PAGES         = "105--119",
  ANNOTE        = "",
  COMMENT       = "I have a copy PGL"}

%G VDM90 AI
@INPROCEEDINGS{vdmfme:Kato&90,
  KEY           = "Kato\&90",
  AUTHOR        = "D.\ Kato, T.\ Kikuchi, R.\ Nakajima, J.\ Sawada and 
                   H.\ Tsuiki",
  EDITOR        = "Dines Bj\o{}rner,  C.A.R.\ Hoare and Hans Langmaack", 
  TITLE         = "{Modal Logic Programming}",
  BOOKTITLE     = "{VDM '90 VDM and Z-- Formal Methods in Software
                   Development}",
  ORGANIZATION  = "VDM-Europe",
  PUBLISHER     = "Springer-Verlag",
  YEAR          = "1990",
  MONTH         = "April", 
  PAGES         = "29--40",
  GSIZE         = "12",
  ANNOTE        = "",
  COMMENT       = "I have the book but I have not yet read it (PGL)."}

%G FME94
@INPROCEEDINGS{vdmfme:Keane&94,
  KEY           = "Keane\&94",
  AUTHOR        = "J.A. Keane, J. Sa, B.C. Warboys",
  EDITOR        = "M. Naftalin, T. Denvir, M. Bertran",
  TITLE         = "Applying a Concurrent Formal Framework to Process Modelling",
  BOOKTITLE     = "FME'94: Industrial Benefit of Formal Methods",
  PUBLISHER     = "Springer-Verlag",
  YEAR          = "1994",
  MONTH         = "October",
  PAGES         = "291-305",
  ANNOTE        = "",
  COMMENT       = "PGL has got the proceedings. ADN"}

%G FME97 PVS
@INPROCEEDINGS{vdmfme:Kellomaki97,
  KEY           = "Kellom{\"a}ki97",
  AUTHOR        = {Pertti Kellom\"{a}ki},
  TITLE         = {Verification of Reactive Systems Using DisCo and PVS},
  BOOKTITLE     = {FME'97: Industrial Applications and Strengthened
  Foundations of Formal Methods (Proc. 4th Intl. Symposium of Formal
  Methods Europe, Graz, Austria, September 1997)},
  EDITOR        = {John Fitzgerald and Cliff B. Jones and Peter Lucas},
  VOLUME        = {1313},
  SERIES        = {Lecture Notes in Computer Science},
  PUBLISHER     = {Springer-Verlag},
  MONTH         = {September},
  NOTE          = {ISBN 3-540-63533-5},
  PAGES         = {589--604}}

%G VDM REFIN VDM88
@INPROCEEDINGS{vdmfme:Kilpatrick&88,
  KEY           = "Kilpatrick\&88",
  AUTHOR        = "P. Kilpatrick and P. McParland",
  TITLE         = "Software Support for the Refinement of VDM Specifications",
  BOOKTITLE     = "VDM '88 VDM -- The Way Ahead",
  YEAR          = "1988",
  MONTH         = "September", 
  PAGES         = "459-475", 
  ANNOTE        = "",
  COMMENT       = ""}

%G VDM90 Z
@INPROCEEDINGS{vdmfme:King90,
  KEY           = "King90",
  AUTHOR        = "Steve King",
  EDITOR        = "Dines Bj\o{}rner,  C.A.R.\ Hoare and Hans Langmaack", 
  TITLE         = "{Z and Refinement Calculus}",
  BOOKTITLE     = "{VDM '90 VDM and Z-- Formal Methods in Software Development}",
  ORGANIZATION  = "VDM Europe",
  PUBLISHER     = "Springer-Verlag",
  YEAR          = "1990",
  MONTH         = "April", 
  PAGES         = "164--188",
  SIZE          = "25",
  ANNOTE        = "",
  COMMENT       = "I have the entire proceedings but I have not yet read it 
                   (PGL)."}

%G FME94 Z APPLI RAIL
@INPROCEEDINGS{vdmfme:King94,
  KEY           = "King94",
  AUTHOR        = "King, Trevor",
  EDITOR        = "M. Naftalin, T. Denvir, M. Bertran",
  TITLE         = "Formalising British Rail's Signalling Rules",
  BOOKTITLE     = "FME'94: Industrial Benefit of Formal Methods",
  PUBLISHER     = "Springer-Verlag",
  YEAR          = "1994",
  MONTH         = "October",
  PAGES         = "45-54",
  ANNOTE        = "",
  COMMENT       = "PGL has got the proceedings. ADN"}

%G VDM91 VDM PROTO
@INPROCEEDINGS{vdmfme:Kinnaes&91,
  KEY           = "Kinnaes\&91",
  AUTHOR        = "D.\ Kinnaes and K.\ de Vlaminck",
  TITLE         = "{A Debugger for a Meta-IV-like Meta-language}",
  BOOKTITLE     = "{VDM '91: Formal Software Development Methods}",
  PUBLISHER     = "Springer-Verlag",
  YEAR          = "1991",
  MONTH         = "October",
  PAGES         = "597--603",
  ANNOTE        = "",
  COMMENT       = "I have the entire proceedings. PGL"}

%G FME96 PROCOS
@INPROCEEDINGS{vdmfme:Kleuker&96,
  KEY           = "Kleuker\&96",
  AUTHOR        = "Stephan Kleuker and Hermann Tjabben",
  EDITOR        = "Marie-Claude Gaudel and Jim Woodcock",
  TITLE         = "{The Incremental Development of Correct
                    Specifications for Distributed Systems}",
  BOOKTITLE     = "FME'96: Industrial Benefit and Advances in Formal Methods",
  PUBLISHER     = "Springer-Verlag",
  YEAR          = "1996",
  MONTH         = "March",
  PAGES         = "479--498",
  ANNOTE        = "",
  COMMENT       = "I have a copy PGL"}

%G FME97 PROCOS
@INPROCEEDINGS{vdmfme:Kleuker97,
  KEY           = "Kleuker\&97",
  AUTHOR        = {Stephan Kleuker},
  TITLE         = {Formalizing Requirements for Distributed Systems with Trace Diagrams},
  BOOKTITLE     = {FME'97: Industrial Applications and Strengthened
  Foundations of Formal Methods (Proc. 4th Intl. Symposium of Formal
  Methods Europe, Graz, Austria, September 1997)},
  EDITOR        = {John Fitzgerald and Cliff B. Jones and Peter Lucas},
  VOLUME        = {1313},
  SERIES        = {Lecture Notes in Computer Science},
  PUBLISHER     = {Springer-Verlag},
  MONTH         = {September},
  NOTE          = {ISBN 3-540-63533-5},
  PAGES         = {102-121}}

%G FME96 TOOL PROOF
@INPROCEEDINGS{vdmfme:Kolyang&96,
  KEY           = "Kolyang\&96",
  AUTHOR        = "Kolyang, T.\ Santen and B.\ Wolff",
  EDITOR        = "Marie-Claude Gaudel and Jim Woodcock",
  TITLE         = "{Correct and User-Friendly Implementations of
                    Transformational Systems}",
  BOOKTITLE     = "FME'96: Industrial Benefit and Advances in Formal Methods",
  PUBLISHER     = "Springer-Verlag",
  YEAR          = "1996",
  MONTH         = "March",
  PAGES         = "629--648",
  ANNOTE        = "",
  COMMENT       = "I have a copy PGL"}

%G VDM FOUND PGLPHDINT VDM88
@INPROCEEDINGS{vdmfme:Konikowska&88,
  KEY           = "Konikowska\&88",
  AUTHOR        = "Beata Konikowska, Andrzej Tarlecki and Andrzej Blikle",
  EDITOR        = "R.\ Bloomfield, L.\ Marshall and R.\ Jones",
  TITLE         = "{A Three-valued logic for Software Specification
                   and Validation}",
  BOOKTITLE     = "{VDM '88 VDM -- The Way Ahead}",
  ORGANIZATION  = "VDM-Europe",
  PUBLISHER     = "Springer-Verlag",
  YEAR          = "1988",
  MONTH         = "September",
  PAGES         = "218--242",
  SIZE          = "25",
  ANNOTE        = "This paper gives a critical survey on the development
                   of three-valued logics based on different calculi of
                   partial or three-valued predicates. The first part
                   contains a review of two three-valued predicate calculi,
                   based on, respectively, McCarthy's and Kleene's 
                   propositional connectives and quantifiers. In the second
                   part, a formal deductive system of inference rules for
                   a three-valued logic is developed.",
  COMMENT       = "I have the proceedings and the ideas presented in
                   this paper is interesting wrt. the logic behind
                   the mathematical notation for the definition of
                   the dynamic semantics of BSI/VDM SL (PGL)."}

%G VDM91
@INPROCEEDINGS{vdmfme:Krieg-Bruckner&91,
  KEY           = "Krieg-Br{\"u}ckner\&91",
  AUTHOR        = "Bernd Krieg-Br{\"u}ckner, Einar W.| Karlsen, 
                   Junbo Liu and Owen Traynor",
  TITLE         = "{The PROSPECTRA Methodology and System: Uniform 
                    Transformational (Meta-) Development}",
  BOOKTITLE     = "{VDM '91: Formal Software Development Methods}",
  PUBLISHER     = "Springer-Verlag",
  YEAR          = "1991",
  MONTH         = "October",
  PAGES         = "363--397",
  NOTE          = "Volume 2",
  ANNOTE        = "",
  COMMENT       = "I have the entire proceedings. PGL"}
 
%G VDM90 VDM PROOF 
@INPROCEEDINGS{vdmfme:Lafontaine&90,
  KEY           = "Lafontaine\&90",
  AUTHOR        = "Christine Lafontaine, Yves Ledru and Pierre-Yves Schobbens",
  EDITOR        = "Dines Bj\o{}rner,  C.A.R.\ Hoare and Hans Langmaack", 
  TITLE         = "{Two approaches towards the formalisation of VDM}",
  BOOKTITLE     = "{VDM '90 VDM and Z-- Formal Methods in Software Development}",
  ORGANIZATION  = "VDM Europe",
  PUBLISHER     = "Springer-Verlag",
  YEAR          = "1990",
  MONTH         = "April", 
  PAGES         = "370--398",
  SIZE          = "29",
  ANNOTE        = "",
  COMMENT       = "I have the entire proceedings but I have not yet read it 
                   (PGL)."}

%G VDM90 VDM APPLI 
@INPROCEEDINGS{vdmfme:Lange90,
  KEY           = "Lange90",
  AUTHOR        = "Danny B.\ Lange",
  EDITOR        = "Dines Bj\o{}rner,  C.A.R.\ Hoare and Hans Langmaack", 
  TITLE         = "{A Formal Approach to Hypertext using Post-Prototype
                   Formal Specification}",
  BOOKTITLE     = "{VDM '90 VDM and Z-- Formal Methods in Software Development}",
  ORGANIZATION  = "VDM Europe",
  PUBLISHER     = "Springer-Verlag",
  YEAR          = "1990",
  MONTH         = "April", 
  PAGES         = "99--121",
  SIZE          = "23",
  ANNOTE        = "",
  COMMENT       = "I have the entire proceedings but I have not yet read it 
                   (PGL)."}

%G FME97 VDM++ VDM OBJECT                 
@INPROCEEDINGS{vdmfme:Lano&97a,
  KEY           = "Lano\&97",
  AUTHOR        = {K. Lano and A. Sanchez},
  TITLE         = {Design of Reactive Control Systems for Event-Driven Operations},
  BOOKTITLE     = {FME'97: Industrial Applications and Strengthened
  Foundations of Formal Methods (Proc. 4th Intl. Symposium of Formal
  Methods Europe, Graz, Austria, September 1997)},
  EDITOR        = {John Fitzgerald and Cliff B. Jones and Peter Lucas},
  VOLUME        = {1313},
  SERIES        = {Lecture Notes in Computer Science},
  PUBLISHER     = {Springer-Verlag},
  MONTH         = {September},
  NOTE          = {ISBN 3-540-63533-5},
  PAGES         = {142-161}}

%G FME97 VDM++ VDM OBJECT B               
@INPROCEEDINGS{vdmfme:Lano&97b,
  KEY           = "Lano\&97",
  AUTHOR        = {K. Lano and J. Bicarregui and J. Fiadeiro and A. Lopes},
  TITLE         = {Specification of Required Non-determinism},
  BOOKTITLE     = {FME'97: Industrial Applications and Strengthened
  Foundations of Formal Methods (Proc. 4th Intl. Symposium of Formal
  Methods Europe, Graz, Austria, September 1997)},
  EDITOR        = {John Fitzgerald and Cliff B. Jones and Peter Lucas},
  VOLUME        = {1313},
  SERIES        = {Lecture Notes in Computer Science},
  PUBLISHER     = {Springer-Verlag},
  MONTH         = {September},
  NOTE          = {ISBN 3-540-63533-5},
  PAGES         = {298--317}}

%G VDM FOUND IFADPUB FME94
@INPROCEEDINGS{vdmfme:Larsen94b,
  KEY           = "Larsen94",
  AUTHOR        = "Peter Gorm Larsen",
  EDITOR        = "M. Naftalin, T. Denvir, M. Bertran",
  TITLE         = "Evaluation of Underdetermined Explicit Expressions",
  BOOKTITLE     = "FME'94: Industrial Benefit of Formal Methods",
  PUBLISHER     = "Springer-Verlag",
  YEAR          = "1994",
  MONTH         = "October",
  PAGES         = "233-250",
  ANNOTE        = "",
  COMMENT       = "PGL has got the proceedings. ADN"}

%G VDM90
@TECHREPORT{Larsen&90a,
  KEY           = "Larsen\&90",
  AUTHOR        = "Peter Gorm Larsen and Ole Bjerg Larsen",
  TITLE         = "{Report of the VDM '90 Conference}",
  INSTITUTION   = "IFAD",
  ADDRESS       = "Munkebjergv\ae{}nget 17, Odense",
  YEAR          = "1990",
  MONTH         = "July",
  SIZE          = "11",
  ANNOTE        = "",
  COMMENT       = "BIB RGM"}

%G IPTESPUB VDM VDM91 IFADPUB STATSEM PROTO
@INPROCEEDINGS{vdmfme:Larsen&91,
  KEY           = "Larsen\&91",
  AUTHOR        = "Peter Gorm Larsen and Poul B\o{}gh Lassen",
  TITLE         = "{An Executable Subset of Meta-IV with Loose Specification}",
  BOOKTITLE     = "{VDM '91: Formal Software Development Methods}",
  ORGANIZATION  = "VDM Europe",
  PUBLISHER     = "Springer-Verlag",
  YEAR          = "1991",
  MONTH         = "March",
  SIZE          = "15",
  ANNOTE        = "",
  COMMENT       = "BIB. PGL"}

%G FME94 VDM TOOL 
@INPROCEEDINGS{vdmfme:Ledru94,
  KEY           = "Ledru94",
  AUTHOR        = "Yves Ledru",
  EDITOR        = "M. Naftalin, T. Denvir, M. Bertran",
  TITLE         = "Proof-Based Development of Specifications with KIDS/VDM",
  BOOKTITLE     = "FME'94: Industrial Benefit of Formal Methods",
  PUBLISHER     = "Springer-Verlag",
  YEAR          = "1994",
  MONTH         = "October",
  PAGES         = "214-232",
  ANNOTE        = "",
  COMMENT       = "PGL has got the proceedings. ADN"}

%G VDM91 B TOOL PGLPHDINT
@INPROCEEDINGS{vdmfme:Lee&91,
  KEY           = "Lee\&91",
  AUTHOR        = "Matthew Lee and Ib S\o{}rensen",
  EDITOR        = "S.\ Prehn and W.J.\ Toetenel",
  TITLE         = "B-Tool",
  BOOKTITLE     = "VDM '91 -- Formal Software Development Methods",
  PUBLISHER     = "Springer-Verlag",
  YEAR          = "1991",
  MONTH         = "October",
  PAGES         = "695--696",
  ANNOTE        = "",
  COMMENT       = "I have the proceedings PGL"}

%G VDM MISC VDM87
@INCOLLECTION{vdmfme:Letschert87,
  KEY           = "Letschert87",
  AUTHOR        = "Ths. Letschert",
  TITLE         = "VDM as a Specification Method for Telecommunications
                   Software",
  BOOKTITLE     = "{VDM -- A Formal Method at Work}",
  PAGES         = "106-109", 
  PUBLISHER     = "Springer-Verlag",
  YEAR          = "1987",
  ANNOTE        = "",
  COMMENT       = ""}

%G FME93 LOTOS
@INPROCEEDINGS{vdmfme:Leon&93,
  KEY           = "L\'eon\&93",
  AUTHOR        = "Gonzalo L\'{e}on, Juan C.\ Yelmo, Carlos S\'{a}nchez,
                   F.\ Javier Carrasco, \& Juan J.\ Gil",
  EDITOR        = "J.C.P.\ Woodcock and P.G.\ Larsen",
  TITLE         = "An Industrial Experience on LOTOS-Based Prototyping
                   for Switching Systems Design",
  BOOKTITLE     = "FME'93: Industrial-Strength Formal Methods",
  ORGANIZATION  = "Formal Methods Europe",
  PUBLISHER     = "Springer-Verlag",
  ADDRESS       = "",
  YEAR          = "1993",
  MONTH         = "April",
  PAGES         = "83--92",
  SIZE          = "10",
  NOTE          = "Lecture Notes in Computer Science 670",
  ANNOTE        = "",
  COMMENT       = ""}

%G FME94 VDM Z PROOF
@INPROCEEDINGS{vdmfme:Lindsay94,
  KEY           = "Lindsay94",
  AUTHOR        = "Peter A. Lindsay",
  EDITOR        = "M. Naftalin, T. Denvir, M. Bertran",
  TITLE         = "On Transferring VDM Verification Techniques to Z",
  BOOKTITLE     = "FME'94: Industrial Benefit of Formal Methods",
  PUBLISHER     = "Springer-Verlag",
  YEAR          = "1994",
  MONTH         = "October",
  PAGES         = "190-213",
  ANNOTE        = "",
  COMMENT       = "PGL has got the proceedings. ADN"}

%G VDM MISC VDM87
@INPROCEEDINGS{vdmfme:Lucas87,
  KEY           = "Lucas87",
  AUTHOR        = "Peter Lucas",
  EDITOR        = "Bj\o{}rner, Jones, Airchinnigh and Neuhold",
  TITLE         = "{VDM: Origins, Hopes, and Achievements}",
  BOOKTITLE     = "{VDM '87 VDM -- A Formal Method at Work}",
  ORGANIZATION  = "VDM-Europe",
  PUBLISHER     = "Springer-Verlag LNCS 252",
  YEAR          = "1987",
  PAGES         = "1--18",
  SIZE          = "422",
  ANNOTE        = "This paper traces the history of VDM by highlighting
                   the important ideas that contributed to its present
                   form and status.",
  COMMENT       = "I have read it but I don't have a copy of it (PGL)."}

%G VDM91 VDM OBJECT
@INPROCEEDINGS{vdmfme:Marshall&91,
  KEY           = "Marshall\&91",
  AUTHOR        = "Lynn S.\ Marshall and Linda Simon",
  TITLE         = "{Using VDM within an Object-Oriented Framework}",
  BOOKTITLE     = "{VDM '91: Formal Software Development Methods}",
  PUBLISHER     = "Springer-Verlag",
  YEAR          = "1991",
  MONTH         = "October",
  PAGES         = "619--628",
  ANNOTE        = "",
  COMMENT       = "I have the entire proceedings. PGL"}

%G FME93 Z PGLPHDINT
@INPROCEEDINGS{vdmfme:Martin93,
  KEY           = "Martin93",
  AUTHOR        = "Andrew Martin",
  EDITOR        = "J.C.P.\ Woodcock and P.G.\ Larsen",
  TITLE         = "Encoding $\cal W$: A Logic for Z in 2OBJ",
  BOOKTITLE     = "FME'93: Industrial-Strength Formal Methods",
  ORGANIZATION  = "Formal Methods Europe",
  PUBLISHER     = "Springer-Verlag",
  ADDRESS       = "",
  YEAR          = "1993",
  MONTH         = "April",
  PAGES         = "462--481",
  SIZE          = "20",
  NOTE          = "Lecture Notes in Computer Science 670",
  ANNOTE        = "",
  COMMENT       = ""}
 
%G FME94 LOTOS
@INPROCEEDINGS{vdmfme:Martin&94,
  KEY           = "Martin\&94",
  AUTHOR        = "U. Martin, M. Thomas",
  EDITOR        = "M. Naftalin, T. Denvir, M. Bertran",
  TITLE         = "Verification Techniques for LOTOS",
  BOOKTITLE     = "FME'94: Industrial Benefit of Formal Methods",
  PUBLISHER     = "Springer-Verlag",
  YEAR          = "1994",
  MONTH         = "October",
  PAGES         = "83-92",
  ANNOTE        = "",
  COMMENT       = "PGL has got the proceedings. ADN"}

%G FME97 CSP
@INPROCEEDINGS{vdmfme:Martin&97,
  KEY           = "Martin\&97",
  AUTHOR        = {J. M. R. Martin and S. A. Jassim},
  TITLE         = {An Efficient Technique for Deadlock Analysis of Large 
                   Scale Process Networks},
  BOOKTITLE     = {FME'97: Industrial Applications and Strengthened
  Foundations of Formal Methods (Proc. 4th Intl. Symposium of Formal
  Methods Europe, Graz, Austria, September 1997)},
  EDITOR        = {John Fitzgerald and Cliff B. Jones and Peter Lucas},
  VOLUME        = {1313},
  SERIES        = {Lecture Notes in Computer Science},
  PUBLISHER     = {Springer-Verlag},
  MONTH         = {September},
  NOTE          = {ISBN 3-540-63533-5},
  PAGES         = {418--441}}

%G FME96 SDL
@INPROCEEDINGS{vdmfme:Martins&96,
  KEY           = "Martins\&96",
  AUTHOR        = "J.\ Martins and J.-P.\ Hubaux",
  EDITOR        = "Marie-Claude Gaudel and Jim Woodcock",
  TITLE         = "{A New System Engineering Methodology Coupling
                    Formal Specification and Performance Evaluation}",
  BOOKTITLE     = "FME'96: Industrial Benefit and Advances in Formal Methods",
  PUBLISHER     = "Springer-Verlag",
  YEAR          = "1996",
  MONTH         = "March",
  PAGES         = "140--159",
  ANNOTE        = "",
  COMMENT       = "I have a copy PGL"}

%G FME94 OBJECT
@INPROCEEDINGS{vdmfme:Maung&94,
  KEY           = "Maung\&94",
  AUTHOR        = "I. Maung, J.R. Howse, R.J. Mitchell",
  EDITOR        = "M. Naftalin, T. Denvir, M. Bertran",
  TITLE         = "Towards a Formalization of Programming-by-Difference",
  BOOKTITLE     = "FME'94: Industrial Benefit of Formal Methods",
  PUBLISHER     = "Springer-Verlag",
  YEAR          = "1994",
  MONTH         = "October",
  PAGES         = "134-153",
  ANNOTE        = "",
  COMMENT       = "PGL has got the proceedings. ADN"}

%G VDM91 VDM LANG
@INPROCEEDINGS{vdmfme:McParland&91,
  KEY           = "McParland\&91",
  AUTHOR        = "P.\ McParland and P.\ Kilpatrick",
  TITLE         = "{A Specification of a Complex Programming 
                    Language Statement}",
  BOOKTITLE     = "{VDM '91: Formal Software Development Methods}",
  PUBLISHER     = "Springer-Verlag",
  YEAR          = "1991",
  MONTH         = "October",
  PAGES         = "658--667",
  ANNOTE        = "",
  COMMENT       = "I have the entire proceedings. PGL"}

%G FME94 OBJECT
@INPROCEEDINGS{vdmfme:Mens&94,
  KEY           = "Mens\&94",
  AUTHOR        = "Tom Mens, Kim Mens, Patrick Steyaert",
  EDITOR        = "M. Naftalin, T. Denvir, M. Bertran",
  TITLE         = "OPUS: a Formal Approach to Object-Orientation",
  BOOKTITLE     = "FME'94: Industrial Benefit of Formal Methods",
  PUBLISHER     = "Springer-Verlag",
  YEAR          = "1994",
  MONTH         = "October",
  PAGES         = "326-345",
  ANNOTE        = "",
  COMMENT       = "PGL has got the proceedings. ADN"}

%G FME97
@INPROCEEDINGS{vdmfme:Michel&97,
  KEY           = "Michel\&97",
  AUTHOR        = {Pierre Michel and Virginie Wiels},
  TITLE         = {A Framework for Modular Formal Specification and Verification},
  BOOKTITLE     = {FME'97: Industrial Applications and Strengthened
  Foundations of Formal Methods (Proc. 4th Intl. Symposium of Formal
  Methods Europe, Graz, Austria, September 1997)},
  EDITOR        = {John Fitzgerald and Cliff B. Jones and Peter Lucas},
  VOLUME        = {1313},
  SERIES        = {Lecture Notes in Computer Science},
  PUBLISHER     = {Springer-Verlag},
  MONTH         = {September},
  NOTE          = {ISBN 3-540-63533-5},
  PAGES         = {533--552}}

%G VDM MISC VDM88
@INPROCEEDINGS{vdmfme:Middelburg88,
  KEY           = "Middelburg88",
  AUTHOR        = "C.A. Middelburg",
  TITLE         = "The VIP VDM specification language",
  BOOKTITLE     = "VDM '88 VDM -- The Way Ahead",
  PUBLISHER     = "LNCS 328",
  ADDRESS       = "Springer-Verlag",
  YEAR          = "1988",
  MONTH         = "September",   
  PAGES         = "187-201", 
  ANNOTE        = "In this paper the syntax for the modularization and 
                   parameterization constructs of VVSL
		  \cite{vdmfme:Bruijning&88} is 
                   outlined. Their meaning is informally described by giving
                   an intuitive explanation and by outlining the formal
                   semantics. With respect to the constructs for expressing
                   temporal aspects,the semantic ideas underlying the use of
                   the temporal formulae in VVSL are briefly described.",
  COMMENT       = ""}

%G VDM THEORY VDM91 FOUND
@INPROCEEDINGS{vdmfme:Middelburg&91a,
  KEY           = "Middelburg\&91",
  AUTHOR        = "Kees Middelburg and G.R.\ Renardel de Lavalette",
  TITLE         = "{LPF and MPL$_{\omega}$ -- A Logical Comparison
                   of VDM SL and COLD-K}",
  BOOKTITLE     = "{VDM '91: Formal Software Development Methods}",
  ORGANIZATION  = "VDM-Europe",
  PUBLISHER     = "Springer-Verlag",
  YEAR          = "1991",
  MONTH         = "October",
  SIZE          = "30",
  PAGES         = "279--308",
  ANNOTE        = "This paper compares the finitary three-valued logic LPF
                   and the infinitary two-valued MPL$_{\omega}$, 
                   the logics underlying
                   VDM-SL and COLD-K, to acquire insight into the 
                   relationship between the different approaches that they
                   reflect with respect to reasoning about partial functions
                   and bringing recursive function definitions into proofs.
                   LPF extended with recursive function definitions is
                   embedded into MPL$_{\omega}$ to justify some ways of bringing
                   definitions into LPF proofs.",
  COMMENT       = "BIB. I have read parts of it (PGL)."}

%G FME97
@INPROCEEDINGS{vdmfme:Mikhajlova&97,
  KEY           = "Mikhajlova\&97",
  AUTHOR        = {Anna Mikhajlova and Emil Sekerinski},
  TITLE         = {Class Refinement and Interface Refinement in Object-Oriented Programs},
  BOOKTITLE     = {FME'97: Industrial Applications and Strengthened
  Foundations of Formal Methods (Proc. 4th Intl. Symposium of Formal
  Methods Europe, Graz, Austria, September 1997)},
  EDITOR        = {John Fitzgerald and Cliff B. Jones and Peter Lucas},
  VOLUME        = {1313},
  SERIES        = {Lecture Notes in Computer Science},
  PUBLISHER     = {Springer-Verlag},
  MONTH         = {September},
  NOTE          = {ISBN 3-540-63533-5},
  PAGES         = {82--101}}

%G VDM PROOF PGLPHDINT VDM88
@INPROCEEDINGS{vdmfme:Milne88a,
  KEY           = "Milne88",
  AUTHOR        = "Robert Milne",
  EDITOR        = "R.\ Bloomfield, L.\ Marshall, and R.\ Jones",
  TITLE         = "Proof Rules for VDM Statements",
  BOOKTITLE     = "VDM '88 VDM -- The Way Ahead",
  ORGANIZATION  = "VDM-Europe",
  PUBLISHER     = "Springer-Verlag",
  YEAR          = "1988",
  MONTH         = "September",
  PAGES         = "318--336",
  SIZE          = "19",
  ANNOTE        = "",
  COMMENT       = "I have the entire proceedings. (PGL)"}

%G VDM91 CONCUR
@INPROCEEDINGS{vdmfme:Milner91,
  KEY           = "Milner91",
  AUTHOR        = "Robin Milner",
  TITLE         = "{Concurrent Processes as Objects}",
  BOOKTITLE     = "{VDM '91: Formal Software Development Methods}",
  PUBLISHER     = "Springer-Verlag",
  YEAR          = "1991",
  MONTH         = "October",
  PAGES         = "9",
  ANNOTE        = "",
  COMMENT       = "I have the entire proceedings. PGL"}

%G VDM OBJECT VDM87
@INCOLLECTION{vdmfme:Minkowitz&87,
  KEY           = "Minkowitz\&87",
  AUTHOR        = "C.Minkowitz, P.Henderson",
  TITLE         = "A Formal Description of Object-Oriented Programming Using
                   VDM",
  BOOKTITLE     = "{VDM -- A Formal Method at Work}",
  PAGES         = "237-259", 
  PUBLISHER     = "Springer-Verlag",
  YEAR          = "1987",
  ANNOTE        = "",
  COMMENT       = ""}

%G FME97
@INPROCEEDINGS{vdmfme:Mokkedem&97,
  KEY          = "Mokkedem\&97",
  AUTHOR       = {Abdelillah Mokkedem and Michael J. Ferguson and Robert deB. Johnston},
  TITLE        = {A TLA Solution to the Specification and Verification of 
                  the RLP1 Retransmission Protocol},
  BOOKTITLE    = {FME'97: Industrial Applications and Strengthened
  Foundations of Formal Methods (Proc. 4th Intl. Symposium of Formal
  Methods Europe, Graz, Austria, September 1997)},
  EDITOR       = {John Fitzgerald and Cliff B. Jones and Peter Lucas},
  VOLUME       = {1313},
  SERIES       = {Lecture Notes in Computer Science},
  PUBLISHER    = {Springer-Verlag},
  MONTH        = {September},
  YEAR = {1997},
  NOTE         = {ISBN 3-540-63533-5},
  PAGES        = {398--417}}
                  
%G STCVDM VDM STATSEM FOUND VDM87
@INPROCEEDINGS{vdmfme:MonahanTpm,
  KEY           = "Monahan87",
  AUTHOR        = "Brian Q.\ Monahan",
  EDITOR        = "Bj\o{}rner, Jones, Airchinnigh and Neuhold",
  TITLE         = "{A type model for VDM}",
  BOOKTITLE     = "{VDM '87 VDM -- A Formal Method at Work}",
  ORGANIZATION  = "VDM-Europe",
  PUBLISHER     = "Springer-Verlag LNCS 252",
  YEAR          = "1987",
  PAGES         = "210--236",
  SIZE          = "422",
  ANNOTE        = "This paper introduces a type universe which implies a 
                   division of the type operators in two layers. Standard VDM 
                   types are given set-theoretic denotations.  
                   Recursively defined data types do not involve full 
                   Scott domain theory. This was deliberate and
                   intentional because the position taken was that
                   full reflexive domains are unnecessary for STC-VDM RL.",
  COMMENT       = "I have a hardcopy (PGL)."}

%G VDM91 VDM TOOL
@INPROCEEDINGS{vdmfme:Moore&91,
  KEY           = "Moore\&91",
  AUTHOR        = "Richard Moore and Peter Froome",
  TITLE         = "{mural and SpecBox}",
  BOOKTITLE     = "{VDM '91: Formal Software Development Methods}",
  PUBLISHER     = "Springer-Verlag",
  YEAR          = "1991",
  MONTH         = "October",
  PAGES         = "672--674",
  ANNOTE        = "",
  COMMENT       = "I have the entire proceedings. PGL"}

%G FME94 ML
@INPROCEEDINGS{vdmfme:Mosses&94,
  KEY           = "Mosses\&94",
  AUTHOR        = "Peter D. Mosses, Martin Musicante",
  EDITOR        = "M. Naftalin, T. Denvir, M. Bertran",
  TITLE         = "An Action Semantics for ML Concurrency Primitives",
  BOOKTITLE     = "FME'94: Industrial Benefit of Formal Methods",
  PUBLISHER     = "Springer-Verlag",
  YEAR          = "1994",
  MONTH         = "October",
  PAGES         = "461-479",
  ANNOTE        = "",
  COMMENT       = "PGL has got the proceedings. ADN"}

%G FME94 VDM LANG
@INPROCEEDINGS{vdmfme:Mukherjee94b,
  KEY           = "Mukherjee94",
  AUTHOR        = "Paul Mukherjee",
  EDITOR        = "M. Naftalin, T. Denvir, M. Bertran",
  TITLE         = "{A Semantics for NewSpeak in VDM-SL}",
  BOOKTITLE     = "FME'94: Industrial Benefit of Formal Methods",
  PUBLISHER     = "Springer-Verlag",
  YEAR          = "1994",
  MONTH         = "October",
  PAGES         = "480-501",
  ANNOTE        = "",
  COMMENT       = "PGL has got the proceedings. ADN"}

%G FME97 VDM FUNPRO TOOL
@INPROCEEDINGS{vdmfme:Mukherjee97,
  KEY           = "Mukherjee97",
  AUTHOR        = {Paul Mukherjee},
  TITLE         = {Automatic Translation of VDM-SL Specifications into Gofer},
  BOOKTITLE     = {FME'97: Industrial Applications and Strengthened
  Foundations of Formal Methods (Proc. 4th Intl. Symposium of Formal
  Methods Europe, Graz, Austria, September 1997)},
  EDITOR        = {John Fitzgerald and Cliff B. Jones and Peter Lucas},
  VOLUME        = {1313},
  SERIES        = {Lecture Notes in Computer Science},
  PUBLISHER     = {Springer-Verlag},
  MONTH         = {September},
  NOTE          = {ISBN 3-540-63533-5},
  PAGES         = {258--277}}

%G VDM MISC VDM88
@INPROCEEDINGS{vdmfme:Naftalin88a,
  KEY           = "Naftalin88",
  AUTHOR        = "M. Naftalin",
  TITLE         = "Correctness for Beginners",
  BOOKTITLE     = "VDM '88 VDM -- The Way Ahead",
  YEAR          = "1988",
  MONTH         = "September", 
  PAGES         = "26-47", 
  ANNOTE        = "",
  COMMENT       = ""}

%G FME94 REFIN
@INPROCEEDINGS{vdmfme:Naftalin94,
  KEY           = "Naftalin94",
  AUTHOR        = "Maurice Naftalin",
  EDITOR        = "M. Naftalin, T. Denvir, M. Bertran",
  TITLE         = "Informal Strategies in Design by Refinement",
  BOOKTITLE     = "FME'94: Industrial Benefit of Formal Methods",
  PUBLISHER     = "Springer-Verlag",
  YEAR          = "1994",
  MONTH         = "October",
  PAGES         = "401-420",
  ANNOTE        = "",
  COMMENT       = "PGL has got the proceedings. ADN"}

%G PGLPHDINT FME94 FORMAL
@PROCEEDINGS{Naftalin&94,
  KEY           = "Naftalin\&94",
  EDITOR        = "Maurice Naftalin, Tim Denvir and Miquel Bertran",
  TITLE         = "FME'94: Industrial Benefit of Formal Methods",
  PUBLISHER     = "Springer-Verlag",
  ADDRESS       = "Heidelberg",
  YEAR          = "1994",
  MONTH         = "October",
  SIZE          = "723",
  NOTE          = "LNCS 873",
  ANNOTE        = "",
  COMMENT       = "I have a copy PGL"}

%G RAISE VDM88
@INPROCEEDINGS{vdmfme:Nielsen&88,
  KEY           = "Nielsen\&88",
  AUTHOR        = "M. Nielsen, K. Havelund, K.R. Wagner and C. George",
  TITLE         = "The RAISE Language, Method and Tools",
  BOOKTITLE     = "VDM '88 VDM -- The Way Ahead",
  YEAR          = "1988",
  MONTH         = "September", 
  PAGES         = "376-405", 
  ANNOTE        = "",
  COMMENT       = ""}

%G FME94 Z
@INPROCEEDINGS{vdmfme:O'Halloran94,
  KEY           = "O'Halloran94",
  AUTHOR        = "C. O'Halloran",
  EDITOR        = "M. Naftalin, T. Denvir, M. Bertran",
  TITLE         = "Evaluation Semantics in Z",
  BOOKTITLE     = "FME'94: Industrial Benefit of Formal Methods",
  PUBLISHER     = "Springer-Verlag",
  YEAR          = "1994",
  MONTH         = "October",
  PAGES         = "502-518",
  ANNOTE        = "",
  COMMENT       = "PGL has got the proceedings. ADN"}

%G VDM PROTO ADA VDM88
@INPROCEEDINGS{vdmfme:ONeill88,
  KEY           = "O'Neill88",
  AUTHOR        = "David O'Neill",
  EDITOR        = "R.\ Bloomfield, L.\ Marshall and R.\ Jones",
  TITLE         = "{VDM Development with Ada as the Target Language}",
  BOOKTITLE     = "{VDM '88 VDM -- The Way Ahead}",
  ORGANIZATION  = "VDM-Europe",
  PUBLISHER     = "Springer-Verlag",
  YEAR          = "1988",
  MONTH         = "September",
  PAGES         = "116--123",
  SIZE          = "8",
  ANNOTE        = "This paper presents a study of how semi-automatic
                   tool support can be given to transfer VDM
                   into efficient Ada-code.",
  COMMENT       = "I have the proceedings and the ideas presented in
                   this paper is interesting wrt. prototyping VDM.
                   However there are a number of unneccesary
                   restrictions such as forbidding recursive type
                   definitions (due to Ada) (PGL)."}

%G FME93 FORMAL PGLPHDINT TOOL
@INPROCEEDINGS{vdmfme:Owre&93,
  KEY           = "Owre\&93",
  AUTHOR        = "Sam Owre, John Rushby, Natarajan Shankar, \&
                   Friedrich von Henke",
  EDITOR        = "J.C.P.\ Woodcock and P.G.\ Larsen",
  TITLE         = "Formal Verification for Fault-Tolerant Architectures:
                   Some Lessons Learned",
  BOOKTITLE     = "FME'93: Industrial-Strength Formal Methods",
  ORGANIZATION  = "Formal Methods Europe",
  PUBLISHER     = "Springer-Verlag",
  YEAR          = "1993",
  MONTH         = "April",
  PAGES         = "482--501",
  SIZE          = "19",
  NOTE          = "Lecture Notes in Computer Science 670",
  ANNOTE        = "",
  COMMENT       = "Read 12/1-94 (PGL)"}

%G FME94 OBJECT
@INPROCEEDINGS{vdmfme:Paech&94,
  KEY           = "Paech\&94",
  AUTHOR        = "Barbara Paech, Bernhard Rumpe",
  EDITOR        = "M. Naftalin, T. Denvir, M. Bertran",
  TITLE         = "A New Concept of Refinemant used for Behaviour
                  Modelling with Automata",
  BOOKTITLE     = "FME'94: Industrial Benefit of Formal Methods",
  PUBLISHER     = "Springer-Verlag",
  YEAR          = "1994",
  MONTH         = "October",
  PAGES         = "154-174",
  ANNOTE        = "",
  COMMENT       = "PGL has got the proceedings. ADN"}

%G FME97
@INPROCEEDINGS{vdmfme:Paige97,
  KEY           = "Paige97",
  AUTHOR        = {Richard F. Paige},
  TITLE         = {A Meta-Method for Formal Method Integration},
  BOOKTITLE     = {FME'97: Industrial Applications and Strengthened
  Foundations of Formal Methods (Proc. 4th Intl. Symposium of Formal
  Methods Europe, Graz, Austria, September 1997)},
  EDITOR        = {John Fitzgerald and Cliff B. Jones and Peter Lucas},
  VOLUME        = {1313},
  SERIES        = {Lecture Notes in Computer Science},
  PUBLISHER     = {Springer-Verlag},
  MONTH         = {September},
  NOTE          = {ISBN 3-540-63533-5},
  PAGES         = {473--494}}

%G VDM91 VDM STD
@INPROCEEDINGS{vdmfme:Parkin&91,
  KEY           = "Parkin\&91",
  AUTHOR        = "G.I.\ Parkin and G.\ O'Neill",
  TITLE         = "{Specification of the MAA Standard in VDM}",
  BOOKTITLE     = "{VDM '91: Formal Software Development Methods}",
  PUBLISHER     = "Springer-Verlag",
  YEAR          = "1991",
  MONTH         = "October",
  PAGES         = "526--544",
  ANNOTE        = "",
  COMMENT       = "I have the entire proceedings. PGL"}

%G FME93 VDM STD
@INPROCEEDINGS{vdmfme:Parkin&93,
  KEY           = "Parkin\&93",
  AUTHOR        = "Graeme I.\ Parkin \& Brian Wichmann",
  EDITOR        = "J.C.P.\ Woodcock and P.G.\ Larsen",
  TITLE         = "Conformity Clause for VDM-SL",
  BOOKTITLE     = "FME'93: Industrial-Strength Formal Methods",
  ORGANIZATION  = "Formal Methods Europe",
  PUBLISHER     = "Springer-Verlag",
  ADDRESS       = "",
  YEAR          = "1993",
  MONTH         = "April",
  PAGES         = "501--520",
  SIZE          = "20",
  NOTE          = "Lecture Notes in Computer Science 670",
  ANNOTE        = "",
  COMMENT       = ""}

%G FME96 TEST CSP TIME RAIL
@INPROCEEDINGS{vdmfme:Peleska96,
  KEY           = "Peleska96",
  AUTHOR        = "Jan Peleska",
  EDITOR        = "Marie-Claude Gaudel and Jim Woodcock",
  TITLE         = "{Test Automation for Safety-Critical Systems:
                   Industrial Application and Future Developments}",
  BOOKTITLE     = "FME'96: Industrial Benefit and Advances in Formal Methods",
  PUBLISHER     = "Springer-Verlag",
  YEAR          = "1996",
  MONTH         = "March",
  PAGES         = "39--59",
  ANNOTE        = "",
  COMMENT       = "I have a copy PGL"}

%G FME96 CSP REFIN TEST
@INPROCEEDINGS{vdmfme:Peleska&96,
  KEY           = "Peleska\&96",
  AUTHOR        = "Jan Peleska and Michael Siegel",
  EDITOR        = "Marie-Claude Gaudel and Jim Woodcock",
  TITLE         = "{From Testing Theory to Test Driver Implementation}",
  BOOKTITLE     = "FME'96: Industrial Benefit and Advances in Formal Methods",
  PUBLISHER     = "Springer-Verlag",
  YEAR          = "1996",
  MONTH         = "March",
  PAGES         = "538--556",
  ANNOTE        = "",
  COMMENT       = "I have a copy PGL"}

%G VDM91 
@INPROCEEDINGS{vdmfme:Penny&91,
  KEY           = "Penny\&91",
  AUTHOR        = "David A.\ Penny, Richard C.\ Holt and Michael W.\ Godfrey",
  TITLE         = "{Formal Specification in Metamorphic Programming}",
  BOOKTITLE     = "{VDM '91: Formal Software Development Methods}",
  PUBLISHER     = "Springer-Verlag",
  YEAR          = "1991",
  MONTH         = "October",
  PAGES         = "11--30",
  ANNOTE        = "",
  COMMENT       = "I have the entire proceedings. PGL"}

%G FME97
@INPROCEEDINGS{vdmfme:Petersohn&97,
  KEY           = "Petersohn\&97",
  AUTHOR        = {Carsta Petersohn and Luis Urbina},
  TITLE         = {A Timed Semantics for the 
            STATEMATE Implementation of Statecharts},
  BOOKTITLE     = {FME'97: Industrial Applications 
                   and Strengthened
  Foundations of Formal Methods (Proc. 4th Intl.  
                  Symposium of Formal
  Methods Europe, Graz, Austria, September 1997)},
  EDITOR        = {John Fitzgerald and Cliff B.  
                  Jones and Peter Lucas},
  VOLUME        = {1313},
  SERIES        = {Lecture Notes in Computer Science},
  PUBLISHER     = {Springer-Verlag},
  MONTH         = {September},
  YEAR         = {1997},
  NOTE          = {ISBN 3-540-63533-5},
  PAGES         = {553--572}}

%G FME93 LOTOS
@INPROCEEDINGS{vdmfme:Pickin&93,
  KEY           = "Pickin\&93",
  AUTHOR        = "Simon Pickin, Yan Yang, Wiet Bouma, Sylvie
                   Simon, \& Tanja de Groot",
  EDITOR        = "J.C.P.\ Woodcock and P.G.\ Larsen",
  TITLE         = "Process Instances in LOTOS Simulation",
  BOOKTITLE     = "FME'93: Industrial-Strength Formal Methods",
  ORGANIZATION  = "Formal Methods Europe",
  PUBLISHER     = "Springer-Verlag",
  ADDRESS       = "",
  YEAR          = "1993",
  MONTH         = "April",
  PAGES         = "521--540",
  SIZE          = "20",
  NOTE          = "Lecture Notes in Computer Science 670",
  ANNOTE        = "",
  COMMENT       = ""}

%G VDM90 BSIVDM TOOL VDM STATSEM
@INPROCEEDINGS{vdmfme:Plat&90,
  KEY           = "Plat\&90",
  AUTHOR        = "Nico Plat, Ronald Huijsman, Jan van Katwijk, 
                   Gertjan van Oosten, Kees Pronk, and Hans Toetenel",
  EDITOR        = "Dines Bj\o{}rner,  C.A.R.\ Hoare and Hans Langmaack", 
  TITLE         = "{Type checking BSI/VDM SL}",
  BOOKTITLE     = "{VDM '90 VDM and Z -- 
                   Formal Methods in Software Development}",
  ORGANIZATION  = "VDM Europe",
  PUBLISHER     = "Springer-Verlag",
  YEAR          = "1990",
  MONTH         = "April", 
  PAGES         = "399--425",
  SIZE          = "27",
  ANNOTE        = "",
  COMMENT       = "I have the entire proceedings and I have read it (PGL)."}

%G SA VDM COMBI DFD IPTESINT CONFIRM VDM91
@INPROCEEDINGS{vdmfme:Plat&91a,
  KEY           = "Plat\&91",
  AUTHOR        = "Nico Plat, Jan van Katwijk, and Kees Pronk",
  TITLE         = "{A Case for Structured Analysis/Formal Design}",
  BOOKTITLE     = "{VDM '91 -- Formal Software Development Methods}",
  ORGANIZATION  = "VDM Europe",
  PUBLISHER     = "Springer-Verlag",
  YEAR          = "1991",
  MONTH         = "October",
  PAGES         = "81--105",
  ANNOTE        = "",
  COMMENT       = "BIB. I have read it twice 9-14/4-91 (PGL)"}

%G VDM91 VDM TOOL
@INPROCEEDINGS{vdmfme:Plat&91d,
  KEY           = "Plat\&91",
  AUTHOR        = "Nico Plat, Kees Pronk and Marcel Verhoef",
  TITLE         = "{The Delft VDM-SL front-end}",
  BOOKTITLE     = "{VDM '91: Formal Software Development Methods}",
  PUBLISHER     = "Springer-Verlag",
  YEAR          = "1991",
  MONTH         = "October",
  PAGES         = "677--680",
  ANNOTE        = "",
  COMMENT       = "I have the entire proceedings. PGL"}

%G FME93 Z
@INPROCEEDINGS{vdmfme:Polack&93,
  KEY           = "Polack\&93",
  AUTHOR        = "Fiona Polack, Mark Whiston, \& Keith Mander",
  EDITOR        = "J.C.P.\ Woodcock and P.G.\ Larsen",
  TITLE         = "The SAZ Project: Integrating SSADM and Z",
  BOOKTITLE     = "FME'93: Industrial-Strength Formal Methods",
  ORGANIZATION  = "Formal Methods Europe",
  PUBLISHER     = "Springer-Verlag",
  ADDRESS       = "",
  YEAR          = "1993",
  MONTH         = "April",
  PAGES         = "541--558",
  SIZE          = "17",
  NOTE          = "Lecture Notes in Computer Science 670",
  ANNOTE        = "",
  COMMENT       = ""}

%G VDM RAISE MISC VDM87
@INPROCEEDINGS{vdmfme:SP87,
  KEY           = "Prehn87",
  AUTHOR        = "S\o{}ren Prehn",
  EDITOR        = "Bj\o{}rner, Jones, Airchinnigh and Neuhold",
  TITLE         = "{From VDM to RAISE}",
  BOOKTITLE     = "{VDM '87 VDM -- A Formal Method at Work}",
  ORGANIZATION  = "VDM-Europe",
  PUBLISHER     = "Springer-Verlag LNCS 252",
  YEAR          = "1987",
  PAGES         = "141--150",
  SIZE          = "422",
  ANNOTE        = "In this paper, the transition from VDM to RAISE is discussed.
                   Problems with VDM and their solutions within RAISE are
                   outlined. The lacks of a mathematical semantics, a
                   consistent set of useful proof rules and a workable 
                   structuring concept is pointed out as serious problems.",
  COMMENT       = "I have read it but I don't have a copy of it."}

%G VDM91 VALI TOOL
@INPROCEEDINGS{vdmfme:Puccetti91,
  KEY           = "Puccetti91",
  AUTHOR        = "Armand Puccetti",
  TITLE         = "{The Integrated Software Development and
                    Verification System ATES}",
  BOOKTITLE     = "{VDM '91: Formal Software Development Methods}",
  PUBLISHER     = "Springer-Verlag",
  YEAR          = "1991",
  MONTH         = "October",
  PAGES         = "629--",
  ANNOTE        = "",
  COMMENT       = "I have the entire proceedings. PGL"}

%G FME96 CCS
@INPROCEEDINGS{vdmfme:Pugliese&96,
  KEY           = "Pugliese\&96",
  AUTHOR        = "Rosario Pugliese and Enrico Tronci",
  EDITOR        = "Marie-Claude Gaudel and Jim Woodcock",
  TITLE         = "{Automatic Verification of a Hydroelectric Power Plant}",
  BOOKTITLE     = "FME'96: Industrial Benefit and Advances in Formal Methods",
  PUBLISHER     = "Springer-Verlag",
  YEAR          = "1996",
  MONTH         = "March",
  PAGES         = "425--444",
  ANNOTE        = "",
  COMMENT       = "I have a copy PGL"}

%G VDM91 RAISE TOOL
@INPROCEEDINGS{vdmfme:RAISE91,
  KEY           = "RAISE91",
  AUTHOR        = "The CRI RAISE Tools Group",
  TITLE         = "{The RAISE Toolset}",
  BOOKTITLE     = "{VDM '91: Formal Software Development Methods}",
  PUBLISHER     = "Springer-Verlag",
  YEAR          = "1991",
  MONTH         = "October",
  PAGES         = "689--690",
  ANNOTE        = "",
  COMMENT       = "I have the entire proceedings. PGL"}

%G FME93 CONCUR PROCOS
@INPROCEEDINGS{vdmfme:Rao&93,
  KEY           = "Rao\&93",
  AUTHOR        = "M.R.K. Krishna Rao, P.K. Pandya, \& R.K. Shyamasundar",
  EDITOR        = "J.C.P.\ Woodcock and P.G.\ Larsen",
  TITLE         = "Verification Tools in the Development of Provably
                   Correct Compilers",
  BOOKTITLE     = "FME'93: Industrial-Strength Formal Methods",
  ORGANIZATION  = "Formal Methods Europe",
  PUBLISHER     = "Springer-Verlag",
  ADDRESS       = "",
  YEAR          = "1993",
  MONTH         = "April",
  PAGES         = "442--461",
  SIZE          = "20",
  NOTE          = "Lecture Notes in Computer Science 670",
  ANNOTE        = "",
  COMMENT       = ""}

%G FME97                  
@INPROCEEDINGS{vdmfme:Reggio&97,
  KEY           = "Reggio\&97",
  AUTHOR        = {Gianna Reggio and Mauro Larosa},
  TITLE         = {A Graphic Notation for Formal Specifications of Dynamic Systems},
  BOOKTITLE     = {FME'97: Industrial Applications and Strengthened
  Foundations of Formal Methods (Proc. 4th Intl. Symposium of Formal
  Methods Europe, Graz, Austria, September 1997)},
  EDITOR        = {John Fitzgerald and Cliff B. Jones and Peter Lucas},
  VOLUME        = {1313},
  SERIES        = {Lecture Notes in Computer Science},
  PUBLISHER     = {Springer-Verlag},
  MONTH         = {September},
  NOTE          = {ISBN 3-540-63533-5},
  PAGES         = {40-61}}

%G VDM91 COLD
@INPROCEEDINGS{vdmfme:Renardel91,
  KEY           = "Renardel91",
  AUTHOR        = "Gerard R. Renandel de Lavalette",
  TITLE         = "{Formal Development of a Serial Copy Management System}",
  BOOKTITLE     = "{VDM '91: Formal Software Development Methods}",
  PUBLISHER     = "Springer-Verlag",
  YEAR          = "1991",
  MONTH         = "October",
  PAGES         = "477--495",
  ANNOTE        = "",
  COMMENT       = "I have the entire proceedings. PGL"}

%G FME94 B Z
@INPROCEEDINGS{vdmfme:Ritchie&94,
  KEY           = "Ritchie\&94",
  AUTHOR        = "Brian Ritchie, Juan Bicarregui, Howard Haughton",
  EDITOR        = "M. Naftalin, T. Denvir, M. Bertran",
  TITLE         = "Experiences in Using the Abstract Machine Notation
                  in a GKS Case Study",
  BOOKTITLE     = "FME'94: Industrial Benefit of Formal Methods",
  PUBLISHER     = "Springer-Verlag",
  YEAR          = "1994",
  MONTH         = "October",
  PAGES         = "93-104",
  ANNOTE        = "",
  COMMENT       = "PGL has got the proceedings. ADN"}

%G VDM91 PROCOS REFIN
@INPROCEEDINGS{vdmfme:Rossig&91,
  KEY           = "R{\"o}ssig\&91",
  AUTHOR        = "Stephan R{\"o}ssig and Michael Schenke",
  TITLE         = "{Specification and Stepwise Development of
                    Communicating Systems}",
  BOOKTITLE     = "{VDM '91: Formal Software Development Methods}",
  PUBLISHER     = "Springer-Verlag",
  YEAR          = "1991",
  MONTH         = "October",
  PAGES         = "149--163",
  ANNOTE        = "",
  COMMENT       = "I have the entire proceedings. PGL"}

%G FME93 VDM PROOF
@INPROCEEDINGS{vdmfme:Ross&93,
  KEY           = "Ross\&93",
  AUTHOR        = "Kelvin J.\ Ross \& Peter A.\ Lindsay",
  EDITOR        = "J.C.P.\ Woodcock and P.G.\ Larsen",
  TITLE         = "Maintaining Consistency under Changes to Formal
                   Specifications",
  BOOKTITLE     = "FME'93: Industrial-Strength Formal Methods",
  ORGANIZATION  = "Formal Methods Europe",
  PUBLISHER     = "Springer-Verlag",
  ADDRESS       = "",
  YEAR          = "1993",
  MONTH         = "April",
  PAGES         = "558--577",
  SIZE          = "20",
  NOTE          = "Lecture Notes in Computer Science 670",
  ANNOTE        = "",
  COMMENT       = ""}

%G FME94 VDM TOOL
@INPROCEEDINGS{vdmfme:Ross&94,
  KEY           = "Ross\&94",
  AUTHOR        = "Kelvin J. Ross, Peter A. Lindsay",
  EDITOR        = "M. Naftalin, T. Denvir, M. Bertran",
  TITLE         = "A Precise Examination of the Behaviour of Process Models",
  BOOKTITLE     = "FME'94: Industrial Benefit of Formal Methods",
  PUBLISHER     = "Springer-Verlag",
  YEAR          = "1994",
  MONTH         = "October",
  PAGES         = "251-270",
  ANNOTE        = "",
  COMMENT       = "PGL has got the proceedings. ADN"}

%G VDM STD VDM88
@INPROCEEDINGS{vdmfme:Ruggles88a,
  KEY           = "Ruggles88",
  AUTHOR        = "C. Ruggles",
  TITLE         = "Towards a formal definition of GKS and other graphics 
                   standards",
  BOOKTITLE     = "VDM '88 VDM -- The Way Ahead",
  YEAR          = "1988",
  MONTH         = "September", 
  PAGES         = "64-74", 
  ANNOTE        = "",
  COMMENT       = ""}

%G VDM STD VDM88
@INPROCEEDINGS{vdmfme:Ruggles88b,
  KEY           = "Ruggles88",
  AUTHOR        = "C. Ruggles",
  TITLE         = "Formal methods in standards -- A report from the BCS 
                   working group",
  BOOKTITLE     = "VDM '88 VDM -- The Way Ahead",
  YEAR          = "1988",
  MONTH         = "September", 
  PAGES         = "79-85", 
  ANNOTE        = "",
  COMMENT       = ""}

%G FME93 
@INPROCEEDINGS{vdmfme:Saaltink&93,
  KEY           = "Saaltink\&93",
  AUTHOR        = "Mark Saaltink, Sentot Kromodimoeljo, Bill Pase,
                   Dan Craigen, \& Irwin Meisels",
  EDITOR        = "J.C.P.\ Woodcock and P.G.\ Larsen",
  TITLE         = "{An EVES Data Abstraction Example}",
  BOOKTITLE     = "FME'93: Industrial-Strength Formal Methods",
  ORGANIZATION  = "Formal Methods Europe",
  PUBLISHER     = "Springer-Verlag",
  ADDRESS       = "",
  YEAR          = "1993",
  MONTH         = "April",
  PAGES         = "578--596",
  SIZE          = "19",
  NOTE          = "Lecture Notes in Computer Science 670",
  ANNOTE        = "",
  COMMENT       = ""}

%G METPROJ VDM APPLI IPTESINT VDM88
@MISC{vdmfme:Sadler88,
  KEY           = "Sadler88",
  AUTHOR        = "S.J. Sadler",
  TITLE         = "{Nuclear Reactor Protection Software. An
                   Application of VDM}",
  NOTE          = "From: Rolls-Royce and Associates Limited",
  YEAR          = "1988",
  HOWPUBLISHED  = "Appendix to: VDM '88. VDM - The Way Ahead.
                   Springer-Verlag",
  ANNOTE        = "",
  COMMENT       = "BIB. Copied. OBL."}               

%G VDM90 Z
@INPROCEEDINGS{vdmfme:Sampaio&90,
  KEY           = "Sampaio\&90",
  AUTHOR        = "Augusto Sampaio and Silvio Meira",
  EDITOR        = "Dines Bj\o{}rner,  C.A.R.\ Hoare and Hans Langmaack", 
  TITLE         = "{Modular Extensions to Z}",
  BOOKTITLE     = "{VDM '90 VDM and Z-- Formal Methods in Software Development}",
  ORGANIZATION  = "VDM Europe",
  PUBLISHER     = "Springer-Verlag",
  YEAR          = "1990",
  MONTH         = "April", 
  PAGES         = "211--232",
  SIZE          = "22",
  ANNOTE        = "",
  COMMENT       = "I have the entire proceedings but I have not yet read it 
                   (PGL)."}

%G FME96 COMBI
@INPROCEEDINGS{vdmfme:Schatz&96,
  KEY           = "Sch{\"a}tz\&96",
  AUTHOR        = "Bernhard Sch{\"a}tz, Heinrich Hu\ss mann and
                   Manfred Broy",
  EDITOR        = "Marie-Claude Gaudel and Jim Woodcock",
  TITLE         = "{Graphical Development of Consistent System 
                   Specifications}",
  BOOKTITLE     = "FME'96: Industrial Benefit and Advances in Formal Methods",
  PUBLISHER     = "Springer-Verlag",
  YEAR          = "1996",
  MONTH         = "March",
  PAGES         = "248--267",
  ANNOTE        = "",
  COMMENT       = "I have a copy PGL"}

%G VDM91 B
@INPROCEEDINGS{vdmfme:Schewe&91,
  KEY           = "Schewe\&91",
  AUTHOR        = "Klaus-Dieter Schewe, Joachim W.\ Schmidt and Ingrid
                   Wetzel",
  TITLE         = "{Specification and Refinement in an Integrated
                    Database Application Environment}",
  BOOKTITLE     = "{VDM '91: Formal Software Development Methods}",
  PUBLISHER     = "Springer-Verlag",
  YEAR          = "1991",
  MONTH         = "October",
  PAGES         = "",
  ANNOTE        = "",
  COMMENT       = "I have the entire proceedings. PGL"}

%G VDM FORTAIN COMPIL VDM87
@INPROCEEDINGS{vdmfme:SchmVol,
  KEY           = "Schmidt\&87",
  AUTHOR        = "Uwe Schmidt and Reinhard V{\"o}ller",
  EDITOR        = "Bj\o{}rner, Jones, Airchinnigh and Neuhold",
  TITLE         = "{Experience with VDM in Norsk Data}",
  BOOKTITLE     = "{VDM '87 VDM -- A Formal Method at Work}",
  ORGANIZATION  = "VDM-Europe",
  PUBLISHER     = "Springer-Verlag LNCS 252",
  YEAR          = "1987",
  PAGES         = "49--62",
  SIZE          = "422",
  ANNOTE        = "This paper describes the development of a multi-language
                   multi-target compiler system and the experiences 
                   gained when using VDM and Meta-IV in Norsk Data.", 
  COMMENT       = "I don't have a copy of it but I have read most
                   of it (PGL)."}

%G VDM90 IPTESINT VDM TOOL PROTO
@INPROCEEDINGS{vdmfme:Schmidt&90,
  KEY           = "Schmidt\&90",
  AUTHOR        = "Uwe Schmidt and Hans-Martin H{\"o}rcher",
  EDITOR        = "Dines Bj\o{}rner,  C.A.R.\ Hoare and Hans Langmaack", 
  TITLE         = "{Programming with VDM Domains}",
  BOOKTITLE     = "{VDM '90 VDM and Z-- Formal Methods in Software Development}",
  ORGANIZATION  = "VDM Europe",
  PUBLISHER     = "Springer-Verlag",
  YEAR          = "1990",
  MONTH         = "April", 
  PAGES         = "122--134",
  SIZE          = "13",
  ANNOTE        = "",
  COMMENT       = "I have the entire proceedings and I have a demonstration
                   of the corresponding tool, but I have not yet read it (PGL)."}

%G VDM91 VDM TOOL
@INPROCEEDINGS{vdmfme:Schmidt&91,
  KEY           = "Schmidt\&91",
  AUTHOR        = "Uwe Schmidt and Hans-Martin H{\"o}rcher",
  TITLE         = "{The VDM Domaon Compiler a VDM Class Library Generator}",
  BOOKTITLE     = "{VDM '91: Formal Software Development Methods}",
  PUBLISHER     = "Springer-Verlag",
  YEAR          = "1991",
  MONTH         = "October",
  PAGES         = "675--676",
  ANNOTE        = "",
  COMMENT       = "I have the entire proceedings. PGL"}

%G FME97
@INPROCEEDINGS{vdmfme:Schonhoff&97,
  KEY           = "Sch{\"{o}}nhoff\&97",
  AUTHOR        = {Martin Sch\"{o}nhoff and Mojgan Kowsari},
  TITLE         = {Specifying the Remote Controlling of Valves in an Explosion Test Environment},
  BOOKTITLE     = {FME'97: Industrial Applications and Strengthened
  Foundations of Formal Methods (Proc. 4th Intl. Symposium of Formal
  Methods Europe, Graz, Austria, September 1997)},
  EDITOR        = {John Fitzgerald and Cliff B. Jones and Peter Lucas},
  VOLUME        = {1313},
  SERIES        = {Lecture Notes in Computer Science},
  PUBLISHER     = {Springer-Verlag},
  MONTH         = {September},
  NOTE          = {ISBN 3-540-63533-5},
  PAGES         = {201-220}}
                  
%G VDM PROTO VDM88
@INPROCEEDINGS{vdmfme:Scullard88,
  KEY           = "Scullard88",
  AUTHOR        = "G.T. Scullard",
  TITLE         = "Test Case Selection Using VDM",
  BOOKTITLE     = "VDM '88 VDM -- The Way Ahead",
  YEAR          = "1988",
  MONTH         = "September", 
  PAGES         = "178-186", 
  ANNOTE        = "",
  COMMENT       = ""}

%G FME96 TEMPORAL
@INPROCEEDINGS{vdmfme:Seguin&96,
  KEY           = "Seguin\&96",
  AUTHOR        = "C.\ Seguin and V.\ Wiels",
  EDITOR        = "Marie-Claude Gaudel and Jim Woodcock",
  TITLE         = "{Using a Logical and Categorical Approach for the 
                    Validation of Fault-Tolerant Systems}",
  BOOKTITLE     = "FME'96: Industrial Benefit and Advances in Formal Methods",
  PUBLISHER     = "Springer-Verlag",
  YEAR          = "1996",
  MONTH         = "March",
  PAGES         = "347--366",
  ANNOTE        = "",
  COMMENT       = "I have a copy PGL"}

%G FME94 CSP
@INPROCEEDINGS{vdmfme:Seidel94,
  KEY           = "Seidel94",
  AUTHOR        = "Karen Seidel",
  EDITOR        = "M. Naftalin, T. Denvir, M. Bertran",
  TITLE         = "Case Study: Specification and Refinement of the PI-Bus",
  BOOKTITLE     = "FME'94: Industrial Benefit of Formal Methods",
  PUBLISHER     = "Springer-Verlag",
  YEAR          = "1994",
  MONTH         = "October",
  PAGES         = "532-546",
  ANNOTE        = "",
  COMMENT       = "PGL has got the proceedings. ADN"}

%G BSIVDM VDM STD VDM87
@INPROCEEDINGS{vdmfme:DSen,
  KEY           = "Sen87",
  AUTHOR        = "Dev Sen",
  EDITOR        = "Bj\o{}rner, Jones, Airchinnigh and Neuhold",
  TITLE         = "{Objectives of the British Standardization of a Language
                   to Support the VDM}",
  BOOKTITLE     = "{VDM '87 VDM -- A Formal Method at Work}",
  ORGANIZATION  = "VDM-Europe",
  PUBLISHER     = "Springer-Verlag LNCS 252",
  YEAR          = "1987",
  PAGES         = "321--323",
  SIZE          = "422",
  ANNOTE        = "The overall objectives of the standardization efforts
                   of the VDM specification language are outlined.",
  COMMENT       = "I have read it but I don't have a copy of it (PGL)."}

%G FME96 IDERSINT PETRI SA
@INPROCEEDINGS{vdmfme:Shi&96,
  KEY           = "Shi\&96",
  AUTHOR        = "Lihua Shi and Patrick Nixon",
  EDITOR        = "Marie-Claude Gaudel and Jim Woodcock",
  TITLE         = "{An Improved Translation of SA/RT Specifications
                    Model to High-Level Timed Petri Nets}",
  BOOKTITLE     = "FME'96: Industrial Benefit and Advances in Formal Methods",
  PUBLISHER     = "Springer-Verlag",
  YEAR          = "1996",
  MONTH         = "March",
  PAGES         = "518--537",
  ANNOTE        = "",
  COMMENT       = "I have a copy PGL"}

%G FME97
@INPROCEEDINGS{vdmfme:Silva&97,
  KEY           = "Silva\&97",
  AUTHOR        = {Leila Silva and Augusto Sampaio and Edna Barros},
  TITLE         = {A Normal Form Reduction Strategy for Hardware/Software Partitioning},
  BOOKTITLE     = {FME'97: Industrial Applications and Strengthened
  Foundations of Formal Methods (Proc. 4th Intl. Symposium of Formal
  Methods Europe, Graz, Austria, September 1997)},
  EDITOR        = {John Fitzgerald and Cliff B. Jones and Peter Lucas},
  VOLUME        = {1313},
  SERIES        = {Lecture Notes in Computer Science},
  PUBLISHER     = {Springer-Verlag},
  MONTH         = {September},
  NOTE          = {ISBN 3-540-63533-5},
  PAGES         = {624--643}}

%G FME94 CSP RAIL
@INPROCEEDINGS{vdmfme:Simpson94,
  KEY           = "Simpson94",
  AUTHOR        = "Andrew Simpson",
  EDITOR        = "M. Naftalin, T. Denvir, M. Bertran",
  TITLE         = "A Formal Specification of an Automatic Train
                  Protection System",
  BOOKTITLE     = "FME'94: Industrial Benefit of Formal Methods",
  PUBLISHER     = "Springer-Verlag",
  YEAR          = "1994",
  MONTH         = "October",
  PAGES         = "602-617",
  ANNOTE        = "",
  COMMENT       = "PGL has got the proceedings. ADN"}

%G FME96 APPLI VALI
@INPROCEEDINGS{vdmfme:Sivertsen96,
  KEY           = "Sivertsen96",
  AUTHOR        = "Terje Sivertsen",
  EDITOR        = "Marie-Claude Gaudel and Jim Woodcock",
  TITLE         = "{A Case Study on the Formal Development of a
                   Reactor Safety System}",
  BOOKTITLE     = "FME'96: Industrial Benefit and Advances in Formal Methods",
  PUBLISHER     = "Springer-Verlag",
  YEAR          = "1996",
  MONTH         = "March",
  PAGES         = "18--38",
  ANNOTE        = "",
  COMMENT       = "I have a copy PGL"}

%G FME97 OBJECT Z CSP     
@INPROCEEDINGS{vdmfme:Smith97,
  KEY           = "Smith97",
  AUTHOR        = {Graeme Smith},
  TITLE         = {A Semantic Integration of Object-Z and CSP for the 
                   Specification of Concurrent Systems},
  BOOKTITLE     = {FME'97: Industrial Applications and Strengthened
  Foundations of Formal Methods (Proc. 4th Intl. Symposium of Formal
  Methods Europe, Graz, Austria, September 1997)},
  EDITOR        = {John Fitzgerald and Cliff B. Jones and Peter Lucas},
  VOLUME        = {1313},
  SERIES        = {Lecture Notes in Computer Science},
  PUBLISHER     = {Springer-Verlag},
  MONTH         = {September},
  NOTE          = {ISBN 3-540-63533-5},
  PAGES         = {62--81}}

%G VDM91 Z
@INPROCEEDINGS{vdmfme:Smith&91,
  KEY           = "Smith\&91",
  AUTHOR        = "Paul Smith and Richard Keighley",
  TITLE         = "{The Formal Development of a Secure Transaction Mechanism}",
  BOOKTITLE     = "{VDM '91: Formal Software Development Methods}",
  PUBLISHER     = "Springer-Verlag",
  YEAR          = "1991",
  MONTH         = "October",
  PAGES         = "",
  ANNOTE        = "",
  COMMENT       = "I have the entire proceedings. PGL"}

%G Z VDM90
@ARTICLE{Spivey89a,
  KEY           = "Spivey89",
  AUTHOR        = "Mike Spivey",
  TITLE         = "{An Introduction to Z and Formal Specifications}",
  JOURNAL       = "Software Engineering",
  YEAR          = "1989",
  MONTH         = "January",
  SIZE          = "33",
  ANNOTE        = "",
  COMMENT       = "BIB. I have a copy of it from the tutorial about Z at
                   the VDM '90 symposium but I have not yet read it
                   (PGL)."}

%G Z VDM90
@TECHREPORT{Spivey89b,
  KEY           = "Spivey89",
  AUTHOR        = "Mike Spivey",
  TITLE         = "{Specifying a Real-Time kernel}",
  INSTITUTION   = "Oxford University",
  YEAR          = "1989",
  NUMBER        = "JMS-89-8d",
  SIZE          = "23",
  ANNOTE        = "",
  COMMENT       = "BIB. I have a copy of it from the tutorial about Z at
                   the VDM '90 symposium but I have not yet read it
                   (PGL)."}

%G Z VDM90
@TECHREPORT{Spivey90,
  KEY           = "Spivey90",
  AUTHOR        = "Mike Spivey",
  TITLE         = "{The Formal Semantics of Z -- An Overview}",
  INSTITUTION   = "Tektronix",
  YEAR          = "1990",
  NUMBER        = "JMS-90-3a",
  SIZE          = "12",
  ANNOTE        = "",
  COMMENT       = "BIB. I have a copy of it from the tutorial about Z at
                   the VDM '90 symposium but I have not yet read it
                   (PGL)."}

%G VDM90 Z
@INPROCEEDINGS{vdmfme:Spivey&90,
  KEY           = "Spivey\&90",
  AUTHOR        = "Mike Spivey and Bernard Sufrin",
  EDITOR        = "Dines Bj\o{}rner,  C.A.R.\ Hoare and Hans Langmaack", 
  TITLE         = "{Type Inference in Z}",
  BOOKTITLE     = "{VDM '90 VDM and Z-- Formal Methods in Software Development}",
  ORGANIZATION  = "VDM Europe",
  PUBLISHER     = "Springer-Verlag",
  YEAR          = "1990",
  MONTH         = "April", 
  PAGES         = "426--451",
  SIZE          = "26",
  ANNOTE        = "",
  COMMENT       = "I have the entire proceedings but I have not yet read it 
                   (PGL)."}

%G VDM90 VDM MISC 
@INPROCEEDINGS{vdmfme:Steensgaard90,
  KEY           = "Steensgaard90",
  AUTHOR        = "J\o{}rgen Steensgaard-Madsen",
  EDITOR        = "Dines Bj\o{}rner,  C.A.R.\ Hoare and Hans Langmaack", 
  TITLE         = "{Adding abstract datatypes to Meta-IV}",
  BOOKTITLE     = "{VDM '90 VDM and Z-- Formal Methods in Software Development}",
  ORGANIZATION  = "VDM Europe",
  PUBLISHER     = "Springer-Verlag",
  YEAR          = "1990",
  MONTH         = "April", 
  PAGES         = "233--243",
  SIZE          = "11",
  ANNOTE        = "",
  COMMENT       = "I have the entire proceedings but I have not yet read it 
                   (PGL)."}

%G VDM LANG VDM87
@INCOLLECTION{vdmfme:Storbank87,
  KEY           = "Storbank87",
  AUTHOR        = "J. Storbank Pedersen",
  TITLE         = "VDM in Three Generations of Ada{\regtmsign} Formal Descriptions",
  BOOKTITLE     = "{VDM -- A Formal Method at Work}",
  PAGES         = "33-48", 
  PUBLISHER     = "Springer-Verlag",
  YEAR          = "1987",
  ANNOTE        = "",
  COMMENT       = ""}

%G VDM90 BSIVDM VDM TUTOR
@MISC{vdmfme:Pedersen90,
  KEY           = "Storbank90",
  AUTHOR        = "Jan Storbank Pedersen",
  TITLE         = "{A Tutorial on the BSI/VDM Specification Language}",
  NOTE          = "(slides)",
  YEAR          = "1990",
  MONTH         = "April",
  HOWPUBLISHED  = "VDM '90 Tutorial",
  SIZE          = "51",
  ANNOTE        = "",
  COMMENT       = "I have seen the presentation of these slides at the VDM '90
                   symposium and therefore I have a copy of them (PGL)."}

%G FME94 B
@INPROCEEDINGS{vdmfme:Storey&94,
  KEY           = "Storey\&94",
  AUTHOR        = "Andrew C. Storey, Howard P. Haughton",
  EDITOR        = "M. Naftalin, T. Denvir, M. Bertran",
  TITLE         = "A Strategy for the Production of Verifiable Code
                  Using the B Method",
  BOOKTITLE     = "FME'94: Industrial Benefit of Formal Methods",
  PUBLISHER     = "Springer-Verlag",
  YEAR          = "1994",
  MONTH         = "October",
  PAGES         = "346-365",
  ANNOTE        = "",
  COMMENT       = "PGL has got the proceedings. ADN"}

%G FME97 PVS Z
@INPROCEEDINGS{vdmfme:Stringer-Calvert&97,
  KEY           = "Stringer-Calvert\&97",
  AUTHOR        = {David W. J. Stringer-Calvert and Susan Stepney and Ian Wand},
  TITLE         = {Using PVS to Prove a Z Refinement: A Case Study},
  BOOKTITLE     = {FME'97: Industrial Applications and Strengthened
  Foundations of Formal Methods (Proc. 4th Intl. Symposium of Formal
  Methods Europe, Graz, Austria, September 1997)},
  EDITOR        = {John Fitzgerald and Cliff B. Jones and Peter Lucas},
  VOLUME        = {1313},
  SERIES        = {Lecture Notes in Computer Science},
  PUBLISHER     = {Springer-Verlag},
  MONTH         = {September},
  NOTE          = {ISBN 3-540-63533-5},
  PAGES         = {573--588}}

%G VDM91 VDM CONCUR
@INPROCEEDINGS{vdmfme:Stolen91,
  KEY           = "St\o{}len91",
  AUTHOR        = "Ketil St\o{}len",
  TITLE         = "{An Attempt to Reason about Shared-State
                    Concurrency in the Style of VDM}",
  BOOKTITLE     = "{VDM '91: Formal Software Development Methods}",
  PUBLISHER     = "Springer-Verlag",
  YEAR          = "1991",
  MONTH         = "October",
  PAGES         = "324--342",
  ANNOTE        = "",
  COMMENT       = "I have the entire proceedings. PGL"}

%G VDM FOUND VDM90 BSIVDMINT
@INPROCEEDINGS{vdmfme:Tarlecki&90,
  KEY           = "Tarlecki\&90",
  AUTHOR        = "Andrzej Tarlecki and Morten Wieth",
  EDITOR        = "Dines Bj\o{}rner,  C.A.R.\ Hoare and Hans Langmaack", 
  TITLE         = "{A Naive Domain Universe for VDM}",
  BOOKTITLE     = "{VDM '90 VDM and Z -- Formal Methods in Software Development}",
  ORGANIZATION  = "VDM Europe",
  PUBLISHER     = "Springer-Verlag",
  YEAR          = "1990",
  MONTH         = "April",
  PAGES         = "552--579",
  SIZE          = "28",
  ANNOTE        = "This article presents the domain universe which with
                   very minor adjustments are used within the semantics of the
                   BSI/VDM SL. It is a one level construction which contains as
                   much as possible within pure set-theory. This construction is
                   replacing the one presented in \cite{vdmfme:MonahanTpm}.",
  COMMENT       = "BIB. I have several copies of this article and I have read it
                   several times (PGL). I think that it is a very good article."}

%G FME97 CSP              
@INPROCEEDINGS{vdmfme:Tej&97,
  KEY           = "Tej\&97",
  AUTHOR        = {H. Tej and B. Wolff},
  TITLE         = {A Corrected Failure-Divergence Model for CSP in Isabelle/HOL},
  BOOKTITLE     = {FME'97: Industrial Applications and Strengthened
  Foundations of Formal Methods (Proc. 4th Intl. Symposium of Formal
  Methods Europe, Graz, Austria, September 1997)},
  EDITOR        = {John Fitzgerald and Cliff B. Jones and Peter Lucas},
  VOLUME        = {1313},
  SERIES        = {Lecture Notes in Computer Science},
  PUBLISHER     = {Springer-Verlag},
  MONTH         = {September},
  NOTE          = {ISBN 3-540-63533-5},
  PAGES         = {318--337}}

%G VDM APPLI VDM88
@INPROCEEDINGS{vdmfme:Teo&88,
  KEY           = "Teo\&88",
  AUTHOR        = "G.S. Teo and M. Mac an Airchinnigh",
  TITLE         = "The Use of VDM in the Specification of Chinese Characters",
  BOOKTITLE     = "VDM '88 VDM -- The Way Ahead",
  YEAR          = "1988",
  MONTH         = "September", 
  PAGES         = "476-499", 
  ANNOTE        = "",
  COMMENT       = ""}

%G FME96 VALI CSP
@INPROCEEDINGS{vdmfme:Valmari&96,
  KEY           = "Valmari\&96",
  AUTHOR        = "Antti Valmari and Manu Set{\"a}l{\"a}",
  EDITOR        = "Marie-Claude Gaudel and Jim Woodcock",
  TITLE         = "{Visual Verification of Safety and Liveness}",
  BOOKTITLE     = "FME'96: Industrial Benefit and Advances in Formal Methods",
  PUBLISHER     = "Springer-Verlag",
  YEAR          = "1996",
  MONTH         = "March",
  PAGES         = "228--247",
  ANNOTE        = "",
  COMMENT       = "I have a copy PGL"}

%G FME93 CONCUR LOTOS CSP TOOL
@INPROCEEDINGS{vdmfme:Valmari&93,
  KEY           = "Valmari\&93",
  AUTHOR        = "Antti Valmari, Jukka Kemppainen, Matthew Clegg, \&
                   Mikko Levanto",
  EDITOR        = "J.C.P.\ Woodcock and P.G.\ Larsen",
  TITLE         = "Putting Advanced Reachability Analysis Techniques
                   Together: the ``ARA'' Tool",
  BOOKTITLE     = "FME'93: Industrial-Strength Formal Methods",
  ORGANIZATION  = "Formal Methods Europe",
  PUBLISHER     = "Springer-Verlag",
  ADDRESS       = "",
  YEAR          = "1993",
  MONTH         = "April",
  PAGES         = "597--616",
  SIZE          = "20",
  NOTE          = "Lecture Notes in Computer Science 670",
  ANNOTE        = "",
  COMMENT       = ""}

%G VDM91 PETRI TOOL
@INPROCEEDINGS{vdmfme:vanHee&91,
  KEY           = "vanHee\&91",
  AUTHOR        = "K.M.\ van Hee, L.J.\ Somers and M.\ Voorhoeve",
  TITLE         = "{The ExSpect tool}",
  BOOKTITLE     = "{VDM '91: Formal Software Development Methods}",
  PUBLISHER     = "Springer-Verlag",
  YEAR          = "1991",
  MONTH         = "October",
  PAGES         = "683--684",
  ANNOTE        = "",
  COMMENT       = "I have the entire proceedings. PGL"}

%G VDM MISC VDM87
@BOOK{VDM87,
  KEY           = "VDM87",
  EDITOR        = "D.\ Bj\o{}rner, C.B.\ Jones, M.\ Mac an Airchinnigh,
                   and E.J.\ Neuhold", 
  TITLE         = "{VDM '87 VDM -- A Formal Method at Work}",
  PUBLISHER     = "Springer-Verlag",
  YEAR          = "1987",
  VOLUME        = "252",
  SERIES        = "Lecture Notes in Computer Science",
  MONTH         = "March", 
  SIZE          = "422", 
  ANNOTE        = "The papers in this Symposium reflect the status of VDM in 
                   1987. The contents indicates the wide range of European 
                   users, different development methods within VDM, its 
                   foundations and standardization issues.",
  COMMENT       = "I have read a number of the articles in this book but
                   I don't have a copy of it (PGL)."}

%G VDM MISC VDM88
@BOOK{VDM88,
  KEY           = "VDM88",
  EDITOR        = "R.\ Bloomfield, L.\ Marshall and R.\ Jones", 
  TITLE         = "{VDM '88 VDM -- The Way Ahead}",
  PUBLISHER     = "Springer-Verlag",
  YEAR          = "1988",
  VOLUME        = "328",
  SERIES        = "Lecture Notes in Computer Science",
  MONTH         = "September", 
  SIZE          = "499", 
  ANNOTE        = "The papers in this Symposium reflect the status of VDM in 
                   1988. The contents indicate the wide range of European 
                   users, different development methods within VDM, its 
                   foundations and standardization issues.",
  COMMENT       = "I have read a number of articles in this book and
                   I have a copy of it (PGL)."}

%G VDM VDM90 MISC
@BOOK{VDM90,
  KEY           = "VDM90",
  EDITOR        = "Dines Bj\o{}rner,  C.A.R.\ Hoare and Hans Langmaack", 
  TITLE         = "{VDM '90 VDM and Z-- Formal Methods in Software Development}",
  PUBLISHER     = "Springer-Verlag",
  YEAR          = "1990",
  VOLUME        = "428",
  SERIES        = "Lecture Notes in Computer Science",
  MONTH         = "April", 
  SIZE          = "579", 
  ANNOTE        = "The papers in this Symposium reflect the status of VDM in 
                   1990. The contents indicate the wide range of European 
                   users, different development methods within VDM, its 
                   foundations and standardization issues.",
  COMMENT       = "I have read a number of articles in this book and
                   I have a copy of it (PGL)."}

%G FME96 PVS APPLI
@INPROCEEDINGS{vdmfme:Vito96,
  KEY           = "Vito96",
  AUTHOR        = "Ben L.\ Di Vito",
  EDITOR        = "Marie-Claude Gaudel and Jim Woodcock",
  TITLE         = "{Formalizing New Navigation Requirements for NASA's
                    Space Shuttle}",
  BOOKTITLE     = "FME'96: Industrial Benefit and Advances in Formal Methods",
  PUBLISHER     = "Springer-Verlag",
  YEAR          = "1996",
  MONTH         = "March",
  PAGES         = "160--178",
  ANNOTE        = "",
  COMMENT       = "I have a copy PGL"}

%G FME93 LOTOS SART
@INPROCEEDINGS{vdmfme:Vloedt&93,
  KEY           = "Vloedt\&93",
  AUTHOR        = "Anthony W.\ van der Vloedt \& Kees Bogaards",
  EDITOR        = "J.C.P.\ Woodcock and P.G.\ Larsen",
  TITLE         = "Integrating SA/RT with LOTOS",
  BOOKTITLE     = "FME'93: Industrial-Strength Formal Methods",
  ORGANIZATION  = "Formal Methods Europe",
  PUBLISHER     = "Springer-Verlag",
  ADDRESS       = "",
  YEAR          = "1993",
  MONTH         = "April",
  PAGES         = "617--631",
  SIZE          = "15",
  NOTE          = "Lecture Notes in Computer Science 670",
  ANNOTE        = "",
  COMMENT       = ""}

%G FME96 B ACTION REFIN
@INPROCEEDINGS{vdmfme:Walden&96,
  KEY           = "Wald{\'e}n\&96",
  AUTHOR        = "M.\ Wald{'e}n and K.\ Sere",
  EDITOR        = "Marie-Claude Gaudel and Jim Woodcock",
  TITLE         = "{Refining Action Systems within B-Tool}",
  BOOKTITLE     = "FME'96: Industrial Benefit and Advances in Formal Methods",
  PUBLISHER     = "Springer-Verlag",
  YEAR          = "1996",
  MONTH         = "March",
  PAGES         = "85--104",
  ANNOTE        = "",
  COMMENT       = "I have a copy PGL"}

%G FME93 CONCUR
@INPROCEEDINGS{vdmfme:Wang&93,
  KEY           = "Wang\&93",
  AUTHOR        = "Farn Wang, Aloysius Mok, \& E.\ Allen Emerson",
  EDITOR        = "J.C.P.\ Woodcock and P.G.\ Larsen",
  TITLE         = "Symbolic Model Checking for Distributed Real-Time
                   Systems",
  BOOKTITLE     = "FME'93: Industrial-Strength Formal Methods",
  ORGANIZATION  = "Formal Methods Europe",
  PUBLISHER     = "Springer-Verlag",
  ADDRESS       = "",
  YEAR          = "1993",
  MONTH         = "April",
  PAGES         = "632--651",
  SIZE          = "20",
  NOTE          = "Lecture Notes in Computer Science 670",
  ANNOTE        = "",
  COMMENT       = ""}

%G FME94 TIME
@INPROCEEDINGS{vdmfme:Wang&94,
  KEY           = "Wang\&94",
  AUTHOR        = "Farn Wang, Aloysius K. Mok",
  EDITOR        = "M. Naftalin, T. Denvir, M. Bertran",
  TITLE         = "RTL and Refutation by Positive Cycles",
  BOOKTITLE     = "FME'94: Industrial Benefit of Formal Methods",
  PUBLISHER     = "Springer-Verlag",
  YEAR          = "1994",
  MONTH         = "October",
  PAGES         = "659-680",
  ANNOTE        = "",
  COMMENT       = "PGL has got the proceedings. ADN"}

%G FME96 TIME CONCUR
@INPROCEEDINGS{vdmfme:Wang&96,
  KEY           = "Wang\&96",
  AUTHOR        = "Farn Wang and Chia-Tien Lo",
  EDITOR        = "Marie-Claude Gaudel and Jim Woodcock",
  TITLE         = "{Procedure-Level Verification of Real-time
                    Concurrent Systems}",
  BOOKTITLE     = "FME'96: Industrial Benefit and Advances in Formal Methods",
  PUBLISHER     = "Springer-Verlag",
  YEAR          = "1996",
  MONTH         = "March",
  PAGES         = "",
  ANNOTE        = "",
  COMMENT       = "I have a copy PGL"}

%G FME93 Z
@INPROCEEDINGS{vdmfme:Ward93,
  KEY           = "Ward93",
  AUTHOR        = "Nigel Ward",
  EDITOR        = "J.C.P.\ Woodcock and P.G.\ Larsen",
  TITLE         = "Adding Specification Constructors to the
                   Refinement Calculus",
  BOOKTITLE     = "FME'93: Industrial-Strength Formal Methods",
  ORGANIZATION  = "Formal Methods Europe",
  PUBLISHER     = "Springer-Verlag",
  ADDRESS       = "",
  YEAR          = "1993",
  MONTH         = "April",
  PAGES         = "652--670",
  SIZE          = "19",
  NOTE          = "Lecture Notes in Computer Science 670",
  ANNOTE        = "",
  COMMENT       = ""}

%G VDM91 VDM REFIN
@INPROCEEDINGS{vdmfme:Weber91,
  KEY           = "Weber91",
  AUTHOR        = "Matthais Weber",
  TITLE         = "{Deriving Transitivity of VDM-Reification in DEVA}",
  BOOKTITLE     = "{VDM '91: Formal Software Development Methods}",
  PUBLISHER     = "Springer-Verlag",
  YEAR          = "1991",
  MONTH         = "October",
  PAGES         = "406--",
  ANNOTE        = "",
  COMMENT       = "I have the entire proceedings. PGL"}

%G FME94 VDM TOOL PGLPHDINT
@INPROCEEDINGS{vdmfme:Weber94,
  KEY           = "Weber94",
  AUTHOR        = "Matthias Weber",
  EDITOR        = "M. Naftalin, T. Denvir, M. Bertran",
  TITLE         = "Literate Mathematical Developmant of a Revision
                  Managemant System",
  BOOKTITLE     = "FME'94: Industrial Benefit of Formal Methods",
  PUBLISHER     = "Springer-Verlag",
  YEAR          = "1994",
  MONTH         = "October",
  PAGES         = "441-460",
  ANNOTE        = "",
  COMMENT       = "PGL has got the proceedings. ADN"}

%G FME96 Z COMBI
@INPROCEEDINGS{vdmfme:Weber96,
  KEY           = "Weber96",
  AUTHOR        = "Matthias Weber",
  EDITOR        = "Marie-Claude Gaudel and Jim Woodcock",
  TITLE         = "{Combining Statecharts and Z for the Design of 
                   Safety-Critical Control Systems}",
  BOOKTITLE     = "FME'96: Industrial Benefit and Advances in Formal Methods",
  PUBLISHER     = "Springer-Verlag",
  YEAR          = "1996",
  MONTH         = "March",
  PAGES         = "307--326",
  ANNOTE        = "",
  COMMENT       = "I have a copy PGL"}

%G VDM90 VDM APPLI 
@INPROCEEDINGS{vdmfme:WeberWulff90,
  KEY           = "WeberWulff90",
  AUTHOR        = "Debora Weber-Wulff",
  EDITOR        = "Dines Bj\o{}rner,  C.A.R.\ Hoare and Hans Langmaack", 
  TITLE         = "{A Buffering System Implementation using VDM}",
  BOOKTITLE     = "{VDM '90 VDM and Z-- Formal Methods in Software Development}",
  ORGANIZATION  = "VDM Europe",
  PUBLISHER     = "Springer-Verlag",
  YEAR          = "1990",
  MONTH         = "April", 
  PAGES         = "135--149",
  SIZE          = "15",
  ANNOTE        = "",
  COMMENT       = "I have the entire proceedings but I have not yet read it 
                   (PGL)."}

%G FME93 FORMAL VDM MISC
@INPROCEEDINGS{vdmfme:WeberWulff93,
  KEY           = "WeberWulff93",
  AUTHOR        = "Debora Weber-Wulff",
  EDITOR        = "J.C.P.\ Woodcock and P.G.\ Larsen",
  TITLE         = "Selling Formal Methods to Industry",
  BOOKTITLE     = "FME'93: Industrial-Strength Formal Methods",
  ORGANIZATION  = "Formal Methods Europe",
  PUBLISHER     = "Springer-Verlag",
  ADDRESS       = "",
  YEAR          = "1993",
  MONTH         = "April",
  PAGES         = "671--678",
  SIZE          = "8",
  NOTE          = "Lecture Notes in Computer Science 670",
  ANNOTE        = "",
  COMMENT       = ""}

%G FME93 LOTOS
@INPROCEEDINGS{vdmfme:Widya&93,
  KEY           = "Widya\&93",
  AUTHOR        = "Ing Widya \& Gert-Jan van der Heijden",
  EDITOR        = "J.C.P.\ Woodcock and P.G.\ Larsen",
  TITLE         = "Towards an Implementation-oriented Specification of
                   TP Protocol in LOTOS",
  BOOKTITLE     = "FME'93: Industrial-Strength Formal Methods",
  ORGANIZATION  = "Formal Methods Europe",
  PUBLISHER     = "Springer-Verlag",
  ADDRESS       = "",
  YEAR          = "1993",
  MONTH         = "April",
  PAGES         = "93--109",
  SIZE          = "17",
  NOTE          = "Lecture Notes in Computer Science 670",
  ANNOTE        = "",
  COMMENT       = ""}

%G VDM91 LARCH COMBI
@INPROCEEDINGS{vdmfme:Wing&91,
  KEY           = "Wing\&91",
  AUTHOR        = "Jeannette Wing and Amy Moormann Zaremski",
  TITLE         = "{Unintrusive Ways to Integrate Formal
                    Specifications in Practice}",
  BOOKTITLE     = "{VDM '91: Formal Software Development Methods}",
  PUBLISHER     = "Springer-Verlag",
  YEAR          = "1991",
  MONTH         = "October",
  PAGES         = "",
  ANNOTE        = "",
  COMMENT       = "I have the entire proceedings. PGL"}

%G VDM91 REFIN
@INPROCEEDINGS{vdmfme:Woodcock91,
  KEY           = "Woodcock91",
  AUTHOR        = "Jim Woodcock",
  TITLE         = "{A Tutorial on the Refinement Calculus}",
  BOOKTITLE     = "{VDM '91: Formal Software Development Methods}",
  PUBLISHER     = "Springer-Verlag",
  YEAR          = "1991",
  MONTH         = "October",
  PAGES         = "79--140",
  NOTE          = "Volume 2",
  ANNOTE        = "",
  COMMENT       = "I have the entire proceedings. PGL"}

%G VDM CONCUR VDM88
@INPROCEEDINGS{vdmfme:Woodcock&88,
  KEY           = "Woodcock\&88",
  AUTHOR        = "J.C.P. Woodcock and B. Dickinson",
  TITLE         = "Using VDM with Rely and Guarantee-Conditions -- Experiences
                   from a Real Project",
  BOOKTITLE     = "VDM '88 VDM -- The Way Ahead",
  YEAR          = "1988",
  MONTH         = "September", 
  PAGES         = "434-458", 
  ANNOTE        = "",
  COMMENT       = ""}

%G VDM90 CONCUR
@INPROCEEDINGS{vdmfme:Woodcock&90,
  KEY           = "Woodcock\&90",
  AUTHOR        = "Jim Woodcock and Carroll Morgan",
  EDITOR        = "Dines Bj\o{}rner,  C.A.R.\ Hoare and Hans Langmaack", 
  TITLE         = "{Z Specification of an Object Manager}",
  BOOKTITLE     = "{VDM '90 VDM and Z-- Formal Methods in Software Development}",
  ORGANIZATION  = "VDM Europe",
  PUBLISHER     = "Springer-Verlag",
  YEAR          = "1990",
  MONTH         = "April", 
  PAGES         = "340--351",
  SIZE          = "12",
  ANNOTE        = "",
  COMMENT       = "I have the entire proceedings but I have not yet read it 
                   (PGL)."}

%G PGLPHDINT FME93 IFADPUB
@PROCEEDINGS{Woodcock&93,
  KEY           = "Woodcock\&93",
  EDITOR        = "J.C.P.\ Woodcock and P.G.\ Larsen",
  TITLE         = "FME'93: Industrial-Strength Formal Methods",
  PUBLISHER     = "Springer-Verlag",
  ADDRESS       = "Heidelberg",
  YEAR          = "1993",
  MONTH         = "April",
  SIZE          = "689",
  NOTE          = "LNCS 670",
  ANNOTE        = "",
  COMMENT       = "I have a copy PGL"}

%G PGLPHDINT FME93 IFADPUB
@ARTICLE{Woodcock&95,
  KEY           = "Woodcock\&95",
  AUTHOR        = "J.C.P.\ Woodcock and P.G.\ Larsen (eds)",
  TITLE         = "Special issue on FME'93: Industrial-Strength 
                   Formal Methods",
  JOURNAL       = "IEEE Transaction on Software Engineering",
  YEAR          = "1995",
  MONTH         = "February",
  VOLUME        = "21",
  NUMBER        = "2",
  ANNOTE        = "",
  COMMENT       = "I will get this PGL"}

%G FME97
@INPROCEEDINGS{vdmfme:Young&97,
  KEY           = "Young\&97",
  AUTHOR        = {William D. Young and William R. Bevier},
  TITLE         = {Mathematical Modeling and Analysis of an External Memory Manager},
  BOOKTITLE     = {FME'97: Industrial Applications and Strengthened
  Foundations of Formal Methods (Proc. 4th Intl. Symposium of Formal
  Methods Europe, Graz, Austria, September 1997)},
  EDITOR        = {John Fitzgerald and Cliff B. Jones and Peter Lucas},
  VOLUME        = {1313},
  SERIES        = {Lecture Notes in Computer Science},
  PUBLISHER     = {Springer-Verlag},
  MONTH         = {September},
  NOTE          = {ISBN 3-540-63533-5},
  PAGES         = {237--257}}
         
%G FME97
@INPROCEEDINGS{vdmfme:Yu&97,
  KEY           = "Yu\&97",
  AUTHOR        = {Shenwei Yu and Zhaohui Luo},
  TITLE         = {Implementing a Model Checker for LEGO},
  BOOKTITLE     = {FME'97: Industrial Applications and Strengthened
  Foundations of Formal Methods (Proc. 4th Intl. Symposium of Formal
  Methods Europe, Graz, Austria, September 1997)},
  EDITOR        = {John Fitzgerald and Cliff B. Jones and Peter Lucas},
  VOLUME        = {1313},
  SERIES        = {Lecture Notes in Computer Science},
  PUBLISHER     = {Springer-Verlag},
  MONTH         = {September},
  NOTE          = {ISBN 3-540-63533-5},
  PAGES         = {442--458}}

%G VDM90 CONCUR
@INPROCEEDINGS{vdmfme:Zwiers90,
  KEY           = "Zwiers90",
  AUTHOR        = "Job Zwiers",
  EDITOR        = "Dines Bj\o{}rner,  C.A.R.\ Hoare and Hans Langmaack", 
  TITLE         = "{Refining Data to Processes}",
  BOOKTITLE     = "{VDM '90 VDM and Z-- Formal Methods in Software 
                   Development}",
  ORGANIZATION  = "VDM Europe",
  PUBLISHER     = "Springer-Verlag",
  YEAR          = "1990",
  MONTH         = "April", 
  PAGES         = "352--369",
  SIZE          = "18",
  ANNOTE        = "",
  COMMENT       = "I have the entire proceedings but I have not yet read it 
                   (PGL)."}

%G FME96 STRCUT PROOF
@INPROCEEDINGS{vdmfme:Zwiers&96,
  KEY           = "Zwiers\&96",
  AUTHOR        = "Job Zwiers, Ulrich Hannenmann, Yassine Lakhneche, 
                   Willem-Paul de Roever and Frank Stomp",
  EDITOR        = "Marie-Claude Gaudel and Jim Woodcock",
  TITLE         = "{Modular Completeness: Integrating the Reuse of
                    Specified Software in Top-down Program Development}",
  BOOKTITLE     = "FME'96: Industrial Benefit and Advances in Formal Methods",
  PUBLISHER     = "Springer-Verlag",
  YEAR          = "1996",
  MONTH         = "March",
  PAGES         = "595--608",
  ANNOTE        = "",
  COMMENT       = "I have a copy PGL"}


%%% Local Variables: ***
%%% version-control: t ***
%%% kept-new-versions: 3 ***
%%% kept-old-versions: 0 ***
%%% End: ***

                  