@inproceedings{DBLP:conf/ibm/Jones74,
  author    = {Cliff B. Jones},
  title     = {Formal Definition in Program Development},
  booktitle = {Programming Methodology \cite{DBLP:conf/ibm/1974}},
  year      = {1974},
  pages     = {387-443}
}

@article{Strachey00,
  author    = {Christopher Strachey},
  title     = {Fundamental Concepts in Programming Languages},
  journal   = {Higher-Order and Symbolic Computation},
  volume    = {13},
  number    = {1/2},
  year      = {2000},
  pages     = {11-49}}
		  
@proceedings{DBLP:conf/ibm/1974,
  editor    = {Clemens Hackl},
  title     = {Programming Methodology, 4th Informatik Symposium, IBM Germany,
               Wildbad, September 25-27, 1974},
  booktitle = {IBM Symposium: Programming Methodology},
  publisher = {Springer},
  series    = {Lecture Notes in Computer Science},
  volume    = {23},
  year      = {1975}}
		  
@ARTICLE{Mosses2010VSP,
    author = {Mosses, Peter D.},
     title = {{VDM} Semantics of Programming Languages: Combinators and Monads},
   journal = {Formal Aspects of Computing},
    volume = {23},
      year = {2011},
     pages = {221-238},
      note = {Revised and extended version of \cite{Mosses2007VSP}}
}

@INPROCEEDINGS{Mosses2007VSP,
    author = {Mosses, Peter D.},
     title = {{VDM} Semantics of Programming Languages: Combinators and Monads},
     pages = {483-503},
      note = {A revised and extended version, \cite{Mosses2010VSP},
      has (later) appeared in the
              journal \emph{Formal Aspects of Computing}, 2009.}, 
       doi = {10.1007/978-3-540-75221-9_23},
  crossref = {BJOERNER-ZHOU2007}
}

@incollection{DBLP:books/el/leeuwen90/Mosses90,
  author    = {Peter D. Mosses},
  title     = {Denotational Semantics},
  booktitle = {Handbook of Theoretical Computer Science, Volume B: Formal
               Models and Sematics (B): VDM is mentioned in a closing section},
  year      = {1990},
  pages     = {575-631}}
		  
@PROCEEDINGS{BJOERNER-ZHOU2007,
        key = {Formal Methods and Hybrid Real-Time Systems},
      title = {Formal Methods and Hybrid Real-Time Systems, Essays in
      Honor of Dines Bj{\o}rner and Chaochen Zhou on the Occasion of
      Their 70th Birthdays, Papers presented at a Symposium held in
      Macao, China, September 24-25, 2007}, 
  booktitle = {Formal Methods and Hybrid Real-Time Systems},
     series = {LNCS},
     volume = {4700},
       year = {2007},
  publisher = {Springer},
       isbn = {978-3-540-75220-2},
x-editor={Cliff B. Jones and Zhiming Liu and Jim Woodcock},
}

    
		  
@book{BjornerJones78,
  title = {The Vienna Development Method: The Meta-Language},
  editor = {D. Bj{\o}rner and C. B. Jones},
  doi = {10.1007/3-540-08766-4},
  isbn = {978-3-540-08766-3},
  length = {382 pages},
  publisher = {Springer-Verlag},
  series = {Lecture Notes in Computer Science},
  url = {https://www.springerlink.com/content/ql766633l472/},
  volume = 61,
  year = 1978
}
@book{Jones80a,
  title = {Software Development: A Rigorous Approach},
  author = {C. B. Jones},
  isbn = {0-13-821884-6},
  length = {400 pages},
  publisher = {Prentice Hall International},
  address = {Englewood Cliffs, N.J., USA},
  year = 1980
}
@book{BjornerJones82,
  title = {Formal Specification and Software Development},
  editor = {Dines Bj{\o}rner and Cliff B. Jones},
  isbn = {0-13-329003-4},
  length = {501 pages},
  local-url = {file://localhost/Users/ncbj/Documents/Precious/cbj-WWW-pages/cliff.jones/ftp-stuff/BjornerJones1982/},
  publisher = {Prentice Hall International},
  url = {http://homepages.cs.ncl.ac.uk/cliff.jones/ftp-stuff/BjornerJones1982},
  year = {1982}
}
@book{BekicJones84,
  title = {Programming Languages and Their Definition: Selected Papers of {H. Beki\v{c}}}, 
  editor = {H. {Beki\v{c}} and C. B. Jones},
  publisher = {Springer-Verlag},
  series = {Lecture Notes in Computer Science},
  pages = {xxxii, 254 pages},
  url = {http://homepages.cs.ncl.ac.uk/cliff.jones/ftp-stuff/LNCS177-Bekic/},
  volume = 177,
  year = 1984}
  
@book{Jones80aPolish,
  title = {{Konstruowanie oprogramowania metod\c{a} systematyczn\c{a}}},
  address = {Warsaw},
  author = {C. B. Jones},
  note = {Translation of \cite{Jones80a}},
  publisher = {Wydawnictwa Naukowo-Techniczne},
  year = {1984}
}
@book{Jones86a,
  title = {Systematic Software Development Using VDM},
  author = {C. B. Jones},
  isbn = {0-13-880717-5},
  length = {300 pages},
  publisher = {Prentice Hall International},
  year = {1986}
}
@book{VDM87,
  title = {VDM -- A Formal Definition at Work},
  editor = {D. {Bj\o rner} and C. B. Jones and M. {Mac an Airchinnigh} and E. J. Neuhold},
  publisher = {Springer-Verlag},
  series = {Lecture Notes in Computer Science},
  volume = 252,
  isbn = {978-3-540-17654-1},
  doi = {10.1007/3-540-17654-3},
  url = {http://www.springer.com/computer/swe/book/978-3-540-17654-1},
  year = 1987
}
@book{HoareJones88,
  title = {Essays in Computing Science},
  author = {C. A. R. Hoare and C. B. Jones},
  isbn = {0-13-284027-8},
  length = {412 pages},
  publisher = {Prentice Hall International},
  address = {Hemel Hempstead, UK},
  url = {http://portal.acm.org/citation.cfm?id=63445&coll=GUIDE&dl=GUIDE&CFID=27121675&CFTOKEN=40175451},
  year = {1989}
}
@book{Jones90a,
  title = {Systematic Software Development using VDM},
  author = {C. B. Jones},
  edition = {Second},
  isbn = {0-13-880733-7},
  length = {333 pages},
  local-url = {file://localhost/Users/ncbj/Documents/CBJ-pubs/Books/Jones90.pdf},
  publisher = {Prentice Hall International},
  url = {http://homepages.cs.ncl.ac.uk/cliff.jones/ftp-stuff/Jones1990.pdf},
  year = {1990}
}
@book{JonesShaw90,
  title = {Case Studies in Systematic Software Development},
  editor = {C. B. Jones and R. C. F. Shaw},
  isbn = {0-13-116088-5},
  length = {387 pages},
  local-url = {file://localhost/Users/ncbj/Documents/CBJ-pubs/Books/cases90.pdf},
  publisher = {Prentice Hall International},
  url = {http://homepages.cs.ncl.ac.uk/cliff.jones/ftp-stuff/cases90.pdf},
  year = {1990}
}
@book{BroyJones90,
  title = {Programming Concepts and Methods},
  editor = {M. Broy and C. B. Jones},
  publisher = {North-Holland},
  year = {1990}
}
@book{JJLM91,
  title = {{\sl mural}: A Formal Development Support System},
  author = {C. B. Jones and K. D. Jones and P. A. Lindsay and R. Moore},
  isbn = {3-540-19651-X},
  length = {421 pages},
  local-url = {file://localhost/Users/ncbj/Documents/Precious/cbj-WWW-pages/cliff.jones/ftp-stuff/mural.pdf},
  publisher = {Springer-Verlag},
  url = {http://homepages.cs.ncl.ac.uk/cliff.jones/ftp-stuff/mural.pdf},
  year = {1991}
}
@book{REFWS5,
  title = {5th Refinement Workshop},
  editor = {C. B. Jones and R. C. Shaw and T. Denvir},
  publisher = {Springer-Verlag},
  year = 1992
}
@book{Jones90aFrench,
  title = {{VDM: Une m\'{e}thode rigoureuse pour le d\'{e}veloppment du logiciel}},
  author = {C. B. Jones},
  isbn = {2-225-82812-1},
  note = {Translation of \cite{Jones90a}},
  publisher = {Masson},
  address = {Paris},
  year = {1993}
}
@book{Dag95,
  title = {Object Orientation with Parallelism and Persistence},
  editor = {Burkhard Freitag and Cliff B. Jones and Christian Lengauer and Hans-J{\"{o}}rg Schek},
  publisher = {Kluwer Academic Publishers},
  year = 1996
}
@book{FME97,
  title = {FME'97: Industrial Applications and Strengthened Foundations of Formal Methods},
  editor = {John Fitzgerald and Cliff B. Jones and Peter Lucas},
  isbn = {978-3-540-63533-8},
  publisher = {Springer-Verlag},
  series = {Lecture Notes in Computer Science},
  volume = 1313,
  doi = {10.1007/3-540-63533-5},
  url = {http://www.springerlink.com/content/w2k0tu88855x},
  year = 1997
}
@book{MadridACM02,
  title = {Interdisciplinary approaches to the design of dependable computer systems},
  editor = {John Dobson and Cliff Jones and Rob Procter and Mark Rouncefiled and Robin Williams},
  publisher = {ACM, Proceedings of the 2002 ACM symposium on Applied Computing, Madrid},
  url = {http://portal.acm.org/citation.cfm?id=508927&coll=ACM&dl=ACM&CFID=26494652&CFTOKEN=59082077},
  year = 2002
}
@book{CSP25,
  title = {Communicating Sequential Processes: the First 25 years},
  editor = {Ali E. Abdallah and Cliff B. Jones and Jeff W. Sanders},
  publisher = {Springer},
  series = {Lecture Notes in Computer Science},
  volume = 3525,
  isbn = {978-3-540-25813-1},
  doi = {10.1007/b136154},
  url = {http://www.springer.com/computer/theoretical+computer+science/book/978-3-540-25813-1},
  year = 2005
}
@techreport{REFT05,
  title = {Proceedings of the Workshop on Rigorous Engineering of Fault-Tolerant Systems ({REFT} 2005)},
  author = {M. Butler and C. B. Jones and A. Romanovsky and E. Troubitsyna},
  institution = {School of Computing Science, University of Newcastle},
  local-url = {file://localhost/Users/ncbj/Documents/CBJ-pubs/NU-TRs/915.pdf},
  month = {June},
  number = {CS-TR-915, ISSN 1368-1060},
  url = {http://www.cs.ncl.ac.uk/research/pubs/trs/papers/915.pdf},
  year = {2005}
}
@book{DIRC-Structure06,
  title = {Structure for Dependability: Computer-Based Systems from an Interdisciplinary Perspective},
  editor = {D. Besnard and C. Gacek and C. B. Jones},
  isbn = {1-84628-110-5},
  publisher = {Springer},
  url = {http://www.springer.com/computer/book/978-1-84628-110-5},
  year = {2006}
}
@book{REFT06,
  title = {Rigorous Development of Complex Fault-Tolerant Systems},
  editor = {M. Butler and C. Jones and A. Romanovsky and E. Troubitsyna},
  publisher = {Springer},
  series = {Lecture Notes in Computer Science},
  volume = 4157,
  isbn = {978-3-540-48265-9},
  doi = {10.1007/11916246},
  url = {http://www.springer.com/computer/communication+networks/book/978-3-540-48265-9},
  year = {2006}
}
@book{BjZCCprocs07,
  title = {Formal Methods and Hybrid Real-Time Systems: Essays in Honour of {D}ines {B}j{\o}rner and {Z}hou {C}haochen on the Occasion of Their 70th Birthdays},
  editor = {Cliff B. Jones and Zhiming Liu and Jim Woodcock},
  isbn = {978-3-540-75220-2},
  publisher = {Springer},
  series = {Lecture Notes in Computer Science},
  volume = {4700},
  doi = {10.1007/978-3-540-75221-9},
  url = {http://www.springer.com/computer/swe/book/978-3-540-75220-2},
  year = 2007
}
@book{ICTAC-07,
  title = {Theoretical Aspects of Computing -- ICTAC 2007},
  editor = {Cliff B. Jones and Zhiming Liu and Jim Woodcock},
  isbn = {978-3-540-75290-5},
  publisher = {Springer},
  series = {Lecture Notes in Computer Science},
  number = {4711},
  doi = {10.1007/978-3-540-75292-9},
  url = {http://www.springer.com/computer/theoretical+computer+science/book/978-3-540-75290-5},
  year = {2007}
}
@book{MeMoT07book,
  title = {Methods, Models and Tools for Fault-Tolerance},
  editor = {Michael Butler and Cliff Jones and Alexander Romanovsky and Elena Troubitsyna},
  publisher = {Springer},
  series = {Lecture Notes in Computer Science},
  volume = 5454,
  isbn = {978-3-642-00866-5},
  doi = {10.1007/978-3-642-00867-2},
  url = {http://www.springer.com/computer/swe/book/978-3-642-00866-5},
  year = {2009}
}
@book{CARH-FS-10,
  title = {Reflections on the work of {C.A.R. Hoare}},
  editor = {Cliff B. Jones and A. W. Roscoe and Kenneth R. Wood},
  publisher = {Springer},
  isbn = {978-1-84882-911-4},
  doi = {10.1007/978-1-84882-912-1},
  url = {http://www.springer.com/computer/general+issues/book/978-1-84882-911-4},
  year = 2010
}
@article{Jones65,
  title = {A Special Purpose Compiler},
  author = {C. B. Jones},
  journal = {BCS Computer Journal},
  month = {July},
  number = 2,
  pages = {109--112},
  volume = 8,
  doi = {10.1093/comjnl/8.2.109},
  year = 1965
}
@inproceedings{HanfordJones67a,
  title = {An Approach to Context Dependency},
  author = {K. V. Hanford and C. B. Jones},
  booktitle = {Programming Symposium, Swampscott, Mass.},
  note = {TR 00.1600 (Vol. II)},
  organization = {IBM},
  pages = {199-212},
  year = {1967}
}
@inproceedings{GHJ68b,
  title = {The Syntax Machine},
  author = {S. N. Glassover and K. V. Hanford and C. B. Jones},
  booktitle = {Programming Symposium, Atlantic City, New Jersey},
  organization = {IBM},
  pages = {179-186},
  year = {1968}
}
@incollection{JonesLucas71a,
  title = {Proving Correctness of Implementation Techniques},
  author = {C. B. Jones and P. Lucas},
  booktitle = {A Symposium on Algorithmic Languages},
  editor = {E. Engeler},
  pages = {178--211},
  publisher = {Springer-Verlag},
  series = {Lecture Notes in Mathematics},
  volume = 188,
  doi = {10.1007/BFb0059698},
  url = {https://www.springerlink.com/content/1577350626151289/},
  local-url = {file://localhost/Users/ncbj/Documents/CBJ-pubs/Papers/JonesLucas71a.pdf},
  year = 1971
}
@inproceedings{Jones72a,
  title = {Formal Development of Correct Algorithms: an Example Based on {Earley's} Recogniser},
  author = {C. B. Jones},
  booktitle = {SIGPLAN Notices, Volume 7 Number 1},
  month = {January},
  organization = {ACM},
  pages = {150-169},
  url = {http://portal.acm.org/ft_gateway.cfm?id=807083&type=pdf&coll=ACM&dl=ACM&CFID=23963294&CFTOKEN=25930840},
  local-url = {file://localhost/Users/ncbj/Documents/CBJ-pubs/Papers/Jones72a.pdf},
  year = 1972
}
@article{HenhaplJones71,
  title = {A Run-time Mechanism for Referencing Variables},
  author = {W. Henhapl and C. B. Jones},
  journal = {Information Processing Letters},
  volume = {1},
  number = {1},
  pages = {14--16},
  doi = {doi:10.1016/0020-0190(71)90015-9},
  local-url = {file://localhost/Users/ncbj/Documents/CBJ-pubs/Papers/HenhaplJones71.pdf},
  year = 1971
}
@incollection{HanfordJones73,
  author = {K. V. Hanford and C. B. Jones},
  title = {Dynamic Syntax: A Concept for the Definition of the Syntax of Programming Languages},
  publisher = {Pergamon},
  booktitle = {Annual Review in Automatic Programming},
  doi = {10.1016/0066-4138(73)90003-7},
  issn = {0066-4138},
  pages = {115--140},
  volume = {7},
  url = {http://dx.doi.org/10.1016/0066-4138(73)90003-7},
  url = {http://eprint.ncl.ac.uk/pub_details2.aspx?pub_id=158096},
  year = {1973}
}
@incollection{Jones75a,
  title = {Formal Definition in Program Development},
  author = {C. B. Jones},
  booktitle = {Programming Methodology},
  pages = {387--443},
  publisher = {Springer-Verlag},
  series = {Lecture Notes in Computer Science},
  volume = 23,
  doi = {10.1007/3-540-07131-8_35},
  url = {https://www.springerlink.com/content/727745p611v80350/},
  local-url = {file://localhost/Users/ncbj/Documents/CBJ-pubs/Papers/Jones75a.pdf},
  year = 1975
}
@inproceedings{Jones76b,
  title = {Some Requirements for Specification Languages},
  author = {C. B. Jones},
  booktitle = {Programming Technology Symposium},
  note = {RA 77},
  organization = {IBM},
  pages = {13-18},
  year = 1976
}
@article{Jones77a,
  title = {Structured Design and Coding: Theory versus Practice},
  author = {C. B. Jones},
  journal = {Informatie},
  month = {June},
  number = {6},
  pages = {311--319},
  volume = {19},
  year = 1977
}
@inproceedings{Jones77b,
  title = {Program Specification and Formal Development},
  author = {C. B. Jones},
  booktitle = {International Computing Symposium 1977},
  editor = {E. Morlet and D. Ribbens},
  pages = {537--553},
  publisher = {North-Holland},
  year = 1977
}
@incollection{Jones78a,
  title = {The Meta-Language: A Reference Manual},
  author = {Cliff B. Jones},
  crossref = {BjornerJones78},
  doi = {10.1007/3-540-08766-4_10},
  pages = {218--277},
  url = {https://www.springerlink.com/content/751l4t71n4h04117/},
  local-url = {file://localhost/Users/ncbj/Documents/CBJ-pubs/Papers/Jones78a.pdf}
}
@incollection{Jones78a2,
  title = {Denotational Semantics of Goto: An Exit Formulation and its Relation to Continuations},
  author = {Cliff B. Jones},
  crossref = {BjornerJones78},
  doi = {10.1007/3-540-08766-4_11},
  editor = {D. Bj{\o}rner and C. B. Jones},
  pages = {278--304},
  url = {https://www.springerlink.com/content/f340274565373810/},
  local-url = {file://localhost/Users/ncbj/Documents/CBJ-pubs/Papers/Jones78a2.pdf}
}
@incollection{HenhaplJones78,
  title = {A Formal Definition of {ALGOL} 60 as Described in the 1975 Modified Report},
  author = {Wolfgang Henhapl and Cliff B. Jones},
  crossref = {BjornerJones78},
  doi = {10.1007/3-540-08766-4_12},
  pages = {305--336},
  url = {https://www.springerlink.com/content/p113285223176613/},
  local-url = {file://localhost/Users/ncbj/Documents/CBJ-pubs/Papers/HenhaplJones78.pdf}
}
@article{Jones79a,
  title = {Constructing a Theory of a Data Structure as an Aid to Program Development},
  author = {C. B. Jones},
  doi = {10.1007/BF00264020},
  journal = {Acta Informatica},
  volume = {11},
  pages = {119--137},
  url = {http://www.springerlink.com/content/k2776k701914h735/},
  local-url = {file://localhost/Users/ncbj/Documents/CBJ-pubs/Papers/Jones79a.pdf},
  year = 1979
}
@inproceedings{Jones79b,
  title = {The {Vienna} {Development} {Method}: Examples of Compiler Development},
  author = {C. B. Jones},
  booktitle = {Le Point sur la Compilation},
  editor = {M. Amirchahy and D. Neel},
  pages = {89--114},
  publisher = {IRIA-SEFI},
  year = {1979}
}
@inproceedings{Jones80b,
  title = {Models of Programming Language Concepts},
  author = {C. B. Jones},
  booktitle = {Abstract Software Specifications},
  pages = {100--143},
  publisher = {Springer-Verlag},
  series = {Lecture Notes in Computer Science},
  volume = 86,
  doi = {10.1007/3-540-10007-5_36},
  url = {https://www.springerlink.com/content/7362600175n75014/},
  local-url = {file://localhost/Users/ncbj/Documents/CBJ-pubs/Papers/Jones80b.pdf},
  year = 1980
}
@inproceedings{Jones80j,
  title = {The Role of Formal Specifications in Software Development},
  author = {C. B. Jones},
  booktitle = {State of the Art Report: Life-Cycle Management},
  pages = {117--133},
  publisher = {Infotech},
  volume = {8},
  year = 1980
}
@inproceedings{Jones81o,
  title = {Formal Methods in Software Development},
  author = {C. B. Jones},
  booktitle = {Proceedings of State of the Art Review 1981},
  pages = {107--113},
  publisher = {Infotech},
  year = 1981
}
@incollection{Jones81b,
  title = {Towards More Formal Specifications},
  author = {C. B. Jones},
  booktitle = {Software Engineering -- Entwurf und Specifikation},
  editor = {C. Floyd and H. Kopetz},
  pages = {19--45},
  publisher = {Teubner Verlag},
  year = 1981
}
@incollection{Jones81c,
  title = {Specification as a Design Base},
  author = {C. B. Jones},
  booktitle = {Trends in Information Processing},
  pages = {103--105},
  publisher = {Springer-Verlag},
  series = {Lecture Notes in Computer Science},
  volume = 123,
  doi = {10.1007/3-540-10885-8_33},
  url = {https://www.springerlink.com/content/yp1444240237n2k2/},
  local-url = {file://localhost/Users/ncbj/Documents/CBJ-pubs/Papers/Jones81c.pdf},
  year = 1981
}
@incollection{Jones82x1,
  title = {The Meta-Language},
  author = {Cliff B. Jones},
  chapter = 2,
  crossref = {BjornerJones82},
  local-url = {file://localhost/Users/ncbj/Documents/Precious/cbj-WWW-pages/cliff.jones/ftp-stuff/BjornerJones1982/Chapter-2.pdf},
  pages = {25--46},
  url = {http://homepages.cs.ncl.ac.uk/cliff.jones/ftp-stuff/BjornerJones1982/Chapter-2.pdf}
}
@incollection{Jones82x2,
  title = {Modelling Concepts of Programming Languages},
  author = {Cliff B. Jones},
  chapter = 4,
  crossref = {BjornerJones82},
  local-url = {file://localhost/Users/ncbj/Documents/Precious/cbj-WWW-pages/cliff.jones/ftp-stuff/BjornerJones1982/Chapter-4.pdf},
  pages = {85--124},
  url = {http://homepages.cs.ncl.ac.uk/cliff.jones/ftp-stuff/BjornerJones1982/Chapter-4.pdf}
}
@incollection{Jones82x3,
  title = {More on Exception Mechanisms},
  author = {Cliff B. Jones},
  chapter = 5,
  crossref = {BjornerJones82},
  local-url = {file://localhost/Users/ncbj/Documents/Precious/cbj-WWW-pages/cliff.jones/ftp-stuff/BjornerJones1982/Chapter-5.pdf},
  pages = {125--140},
  url = {http://homepages.cs.ncl.ac.uk/cliff.jones/ftp-stuff/BjornerJones1982/Chapter-5.pdf}
}
@incollection{HenhaplJones82x4,
  title = {{ALGOL}~60},
  author = {Wolfgang Henhapl and Cliff B. Jones},
  chapter = 6,
  crossref = {BjornerJones82},
  local-url = {file://localhost/Users/ncbj/Documents/Precious/cbj-WWW-pages/cliff.jones/ftp-stuff/BjornerJones1982/Chapter-6.pdf},
  pages = {141--174},
  url = {http://homepages.cs.ncl.ac.uk/cliff.jones/ftp-stuff/BjornerJones1982/Chapter-6.pdf}
}
@incollection{Jones82x5,
  title = {Compiler Design},
  author = {Cliff B. Jones},
  chapter = 8,
  crossref = {BjornerJones82},
  local-url = {file://localhost/Users/ncbj/Documents/Precious/cbj-WWW-pages/cliff.jones/ftp-stuff/BjornerJones1982/Chapter-8.pdf},
  pages = {253--270},
  url = {http://homepages.cs.ncl.ac.uk/cliff.jones/ftp-stuff/BjornerJones1982/Chapter-8.pdf}
}
@incollection{FieldingJones82x6,
  title = {Program Design by Data Refinement},
  author = {Elizabeth Fielding and Cliff B. Jones},
  chapter = 10,
  crossref = {BjornerJones82},
  local-url = {file://localhost/Users/ncbj/Documents/Precious/cbj-WWW-pages/cliff.jones/ftp-stuff/BjornerJones1982/Chapter-10.pdf},
  pages = {323--352},
  url = {http://homepages.cs.ncl.ac.uk/cliff.jones/ftp-stuff/BjornerJones1982/Chapter-10.pdf}
}
@inproceedings{Jones83a,
  title = {Specification and Design of (Parallel) Programs},
  author = {C. B. Jones},
  booktitle = {Proceedings of IFIP'83},
  pages = {321--332},
  publisher = {North-Holland},
  local-url = {file://localhost/Users/ncbj/Documents/CBJ-pubs/Papers/Jones83a.pdf},
  year = 1983
}
@article{Jones83b,
  title = {Tentative Steps Toward a Development Method for Interfering Programs},
  author = {C. B. Jones},
  journal = {Transactions on Programming Languages and System},
  volume = {5},
  number = {4},
  pages = {596--619},
  publisher = {ACM},
  url = {http://doi.acm.org/10.1145/69575.69577},
  doi = {10.1145/69575.69577},
  local-url = {file://localhost/Users/ncbj/Documents/CBJ-pubs/Papers/Jones83b.pdf},
  year = 1983
}
@article{MorrisJones84,
  title = {An Early Program Proof by {Alan} {Turing}},
  author = {F. L. Morris and C. B. Jones},
  journal = {Annals of the History of Computing},
  number = {2},
  pages = {139--143},
  url = {http://doi.ieeecomputersociety.org/10.1109/MAHC.1984.10017},
  doi = {10.1109/MAHC.1984.10017},
  volume = {6},
  year = 1984
}
@article{BCJ84,
  title = {A Logic Covering Undefinedness in Program Proofs},
  author = {H. Barringer and J.H. Cheng and C. B. Jones},
  journal = {Acta Informatica},
  volume = {21},
  pages = {251--269},
  url = {http://www.springerlink.com/content/x267t82951633456/},
  local-url = {file://localhost/Users/ncbj/Documents/CBJ-pubs/Papers/BCJ84.pdf},
  doi = {10.1007/BF00264250},
  year = 1984
}
@article{Jones84g,
  title = {Specification and Verification},
  author = {C. B. Jones},
  journal = {IEEE, Transactions of Software Engineering},
  pages = {126--127},
  volume = {SE-10},
  doi = {10.1109/TSE.1984.5010214},
  year = 1984
}
@incollection{Jones85a,
  author = {C. B. Jones},
  booktitle = {Formal Methods and Software Development},
  doi = {10.1007/3-540-15199-0_3},
  local-url = {file://localhost/Users/ncbj/Documents/CBJ-pubs/Papers/Jones85a.pdf},
  pages = {27--41},
  publisher = {Springer-Verlag},
  series = {Lecture Notes in Computer Science},
  title = {The Role of Proof Obligations in Software Design},
  url = {https://www.springerlink.com/content/f72p010001u10532/},
  volume = 186,
  year = {1985}
}
@incollection{CJNWWY85a,
  author = {I. D. Cottam and C. B. Jones and T. Nipkow and A. C. Wills and M. I. Wolczko and A. Yaghi},
  booktitle = {Integrated Project Support Environments},
  chapter = {3},
  editor = {J. McDermid},
  publisher = {Peter Peregrinus Ltd.},
  title = {Project Support Environments for Formal Methods},
  year = {1985}
}
@incollection{Jones85b,
  author = {C. B. Jones},
  booktitle = {Software Specification Techniques},
  editor = {N. Gehani and A. D. McGettrick},
  note = {revised version of \cite{Jones86j}},
  pages = {89--110},
  publisher = {Addison-Wesley},
  title = {Systematic Program Development},
  year = {1985}
}
@incollection{Jones85c,
  author = {C. B. Jones},
  booktitle = {Software Requirements Specification and Testing},
  editor = {T. Anderson},
  pages = {1--13},
  publisher = {Blackwell Scientific Publications},
  title = {Specification, Verification and Testing in Software Development},
  year = {1985}
}
@incollection{Jones86b,
  author = {C. B. Jones},
  booktitle = {Der Informationsbegriff in Technik und Wissenschaft},
  editor = {O. G. Folberth and C. Hackl},
  note = {Festschrift--Prof. Karl E. Ganzhorn},
  pages = {77--96},
  publisher = {Oldenbourg Verlag},
  title = {Proof Obligations for Data Reification},
  year = 1986
}
@inproceedings{Jones86j,
  author = {C. B. Jones},
  booktitle = {Mathematics and Computer Science},
  editor = {J. W. de Bakker and M. Hazewinkel and J. K. Lenstra},
  pages = {19--50},
  publisher = {North-Holland},
  title = {Systematic Program Development},
  year = {1986}
}
@inproceedings{Jones86n,
  author = {C. B. Jones},
  booktitle = {{Wsp\'{o}\l Czesne Kierunki Rozwoju Informtyki}},
  organisation = {Polish Informatics Society},
  pages = {33-48},
  title = {Specifications and Programs},
  year = {1986}
}
@article{Jones867n1,
  author = {C. B. Jones},
  journal = {Informatyka},
  pages = {1--4},
  title = {Specyfikacje a programy {I}},
  volume = {10},
  year = {1987}
}
@article{Jones867n2,
  author = {C. B. Jones},
  journal = {Informatyka},
  pages = {2--6},
  title = {Specyfikacje a programy {II}},
  volume = {11},
  year = {1987}
}
@inproceedings{Jones87c,
  author = {C. B. Jones},
  crossref = {VDM87},
  doi = {10.1007/3-540-17654-3_15},
  local-url = {file://localhost/Users/ncbj/Documents/CBJ-pubs/Papers/Jones87c.pdf},
  pages = {260--286},
  title = {{VDM} Proof Obligations and their Justification},
  url = {https://www.springerlink.com/content/f4544k45245k170q/}
}
@incollection{Jones87o,
  author = {C. B. Jones},
  booktitle = {Logic of Programming and Calculi of Discrete Design},
  editor = {M. Broy},
  pages = {149--184},
  publisher = {Springer-Verlag},
  series = {NATO ASI Series F: Computer and Systems Sciences},
  title = {Program Specification and Verification in {VDM}},
  volume = 36,
  year = {1987}
}
@inproceedings{Jones87r,
  author = {C. B. Jones},
  booktitle = {System Development and {Ada}},
  doi = {10.1007/3-540-18341-8_20},
  editor = {A. N. Habermann and U. Montanari},
  local-url = {file://localhost/Users/ncbj/Documents/CBJ-pubs/Papers/Jones87r.pdf},
  pages = {153--172},
  publisher = {Springer-Verlag},
  series = {Lecture Notes in Computer Science},
  title = {Software Development Based on Formal Methods},
  url = {https://www.springerlink.com/content/y32hx2v234408675/},
  volume = 275,
  year = {1987}
}
@inproceedings{JonesLindsay88,
  author = {C. B. Jones and P. A. Lindsay},
  booktitle = {VDM'88: VDM -- The Way Ahead},
  doi = {10.1007/3-540-50214-9_13},
  editor = {R. Bloomfield and L. Marshall and R. Jones},
  local-url = {file://localhost/Users/ncbj/Documents/CBJ-pubs/Papers/JonesLindsay88.pdf},
  pages = {139--152},
  publisher = {Springer-Verlag},
  series = {Lecture Notes in Computer Science},
  title = {A Support System for Formal Reasoning: Requirements and Status},
  url = {https://www.springerlink.com/content/y57387245m707526/},
  volume = 328,
  year = {1988}
}
@inproceedings{JonesMoore88,
  author = {C. B. Jones and R. Moore},
  booktitle = {VDM'88: VDM -- The Way Ahead},
  doi = {10.1007/3-540-50214-9_24},
  editor = {R. Bloomfield and L. Marshall and R. Jones},
  local-url = {file://localhost/Users/ncbj/Documents/CBJ-pubs/Papers/JonesMoore88.pdf},
  pages = {337--375},
  publisher = {Springer-Verlag},
  series = {Lecture Notes in Computer Science},
  title = {Muffin: A User Interface Design Experiment for a Theorem Proving Assistant},
  url = {https://www.springerlink.com/content/yvxx455j1r8p0815/},
  volume = 328,
  year = {1988}
}
@article{Jones88SE,
  author = {C. B. Jones},
  journal = {IEE, Software Engineering Journal},
  number = {1},
  pages = {2},
  title = {Theorem Proving and Software Engineering},
  volume = {3},
  year = {1988}
}
@article{HayesJones89,
  author = {I. J. Hayes and C. B. Jones},
  journal = {IEE, Software Engineering Journal},
  month = {November},
  number = {6},
  pages = {320--338},
  local-url = {file://localhost/Users/ncbj/Documents/CBJ-pubs/Papers/HayesJones89.pdf},
  title = {Specifications are not (necessarily) executable},
  volume = {4},
  year = {1989}
}
@incollection{Jones89e,
  title = {Data Reification},
  author = {C. B. Jones},
  booktitle = {The Theory and Practice of Refinement},
  editor = {J. A. McDermid},
  pages = {79--89},
  publisher = {Butterworths},
  year = 1989
}
@incollection{Jones90c,
  author = {C. B. Jones},
  chapter = {9},
  crossref = {JonesShaw90},
  pages = {235--256},
  title = {A Small Language Definition}
}
@inproceedings{FitzgeraldJones90,
  author = {J.S. Fitzgerald and C. B. Jones},
  booktitle = {VDM'90: VDM and Z -- Formal Methods in Software Development},
  doi = {10.1007/3-540-52513-0_11},
  editor = {D. Bj\o rner and C. A. R. Hoare and H. Langmaack},
  local-url = {file://localhost/Users/ncbj/Documents/CBJ-pubs/Papers/FitzgeraldJones90.pdf},
  pages = {189--210},
  publisher = {Springer-Verlag},
  series = {Lecture Notes in Computer Science},
  title = {Modularizing the Formal Description of a Database System},
  url = {http://www.springerlink.com/content/y8177546u11p7015/},
  volume = 428,
  year = {1990}
}
@incollection{Jones90i,
  author = {C. B. Jones},
  booktitle = {Beauty is Our Business},
  chapter = {25},
  publisher = {Springer-Verlag},
  title = {Consequences},
  year = {1990}
}
@inproceedings{ChengJones91,
  author = {J. H. Cheng and C. B. Jones},
  booktitle = {3rd Refinement Workshop},
  editor = {C. Morgan and J. C. P. Woodcock},
  local-url = {file://localhost/Users/ncbj/Documents/CBJ-pubs/Papers/UMCS-90-3-1.pdf},
  pages = {51--69},
  publisher = {Springer-Verlag},
  title = {On the usability of logics which handle partial functions},
  year = {1991}
}
@inproceedings{Jones91b,
  author = {C. B. Jones},
  booktitle = {{Z} User Workshop},
  editor = {J. E. Nicholls},
  pages = {58--73},
  publisher = {Springer-Verlag},
  title = {Interference Revisited},
  year = {1991}
}
@inproceedings{Jones91e,
  author = {C. B. Jones},
  booktitle = {{TOOLS 4}: Technology of Object-Oriented Languages and Systems},
  editor = {J. B\'{e}zivin and B. Meyer},
  pages = {15--22},
  publisher = {Prentice-Hall},
  title = {Does the {O-O} Community need Formal Methods?},
  year = {1991}
}
@inproceedings{Jones91j,
  author = {C. B. Jones},
  booktitle = {Scientific Euorope},
  editor = {Nigel Calder},
  pages = {304--309},
  publisher = {Foundation Scientific Europe},
  title = {Can Computer Programs be Trusted?},
  year = {1991}
}
@inproceedings{Jones91m,
  author = {C. B. Jones},
  booktitle = {Engineering Safe Software},
  editor = {P. Bailes},
  pages = {31--56},
  publisher = {Australian Computer Society},
  title = {Interference Resumed},
  year = {1991}
}
@inproceedings{Jones92ii,
  author = {C. B. Jones},
  booktitle = {4th Nordic Workshop on Program Correctness},
  editor = {S. Meldal and M. Haveraaen},
  note = {Report No.~78, ISSN~0333-3590},
  pages = {27--52},
  publisher = {University of Bergen},
  title = {An Object-Based Design Method for Concurrent Programs},
  year = {1993}
}
@inproceedings{Jones93f,
  author = {C. B. Jones},
  booktitle = {TAPSOFT'93: Theory and Practice of Software Development},
  doi = {10.1007/3-540-56610-4_61},
  editor = {M-C. Gaudel and J-P. Jouannaud},
  local-url = {file://localhost/Users/ncbj/Documents/CBJ-pubs/Papers/Jones93f.pdf},
  pages = {136--150},
  publisher = {Springer-Verlag},
  series = {Lecture Notes in Computer Science},
  title = {Constraining Interference in an Object-Based Design Method},
  url = {http://www.springerlink.com/content/p57872362t817178/},
  volume = {668},
  year = {1993}
}
@inproceedings{Jones93g,
  author = {C. B. Jones},
  booktitle = {FME'93: Industrial-Strength Formal Methods},
  doi = {10.1007/BFb0024634},
  local-url = {file://localhost/Users/ncbj/Documents/CBJ-pubs/Papers/Jones93g.pdf},
  pages = {1--18},
  publisher = {Springer-Verlag},
  series = {Lecture Notes in Computer Science},
  title = {Reasoning about Interference in an Object-Based Design Method},
  url = {http://www.springerlink.com/content/56678u7m4130h332/},
  volume = {670},
  year = {1993}
}
@inproceedings{Jones93t,
  author = {C. B. Jones},
  booktitle = {CONCUR'93: 4th International Conference on Concurrency Theory},
  doi = {10.1007/3-540-57208-2_12},
  local-url = {file://localhost/Users/ncbj/Documents/CBJ-pubs/Papers/Jones93t.pdf},
  pages = {158--172},
  publisher = {Springer-Verlag},
  series = {Lecture Notes in Computer Science},
  title = {A pi-calculus semantics for an object-based design notation},
  url = {http://www.springerlink.com/content/p727g231n258x812/},
  volume = {715},
  year = {1993}
}
@article{ZVDM93b2,
  author = {I. J. Hayes and C. B. Jones and J. E. Nicholls},
  journal = {ACM Software Engineering News},
  month = {July},
  number = 3,
  pages = {75--81},
  title = {Understanding the differences between {VDM} and {Z}},
  url = {http://portal.acm.org/citation.cfm?id=182843},
  doi = {10.1145/182824.182843},
  volume = 19,
  year = {1994}
}
@incollection{Jones94a,
  author = {C. B. Jones},
  booktitle = {A Classical Mind},
  chapter = 14,
  editor = {A. W. Roscoe},
  pages = {231--246},
  publisher = {Prentice-Hall},
  title = {Process Algebra Arguments about an Object-Based Design Notation},
  year = {1994}
}
@article{JonesMiddelburg94,
  author = {C.B. Jones and C.A. Middelburg},
  doi = {10.1007/BF01178666},
  journal = {Acta Informatica},
  local-url = {file://localhost/Users/ncbj/Documents/Precious/Latex/Arch/Papers-SORT/JonesMidd/lpf.pdf},
  number = 5,
  pages = {399--430},
  title = {A Typed Logic of Partial Functions Reconstructed Classically},
  url = {https://www.springerlink.com/content/pn32478582p56758/},
  volume = 31,
  year = 1994
}
@inproceedings{Jones95bb,
  title = {Granularity and the Development of Concurrent Programs},
  author = {C. B. Jones},
  booktitle = {Proceedings MFPS'95},
  pages = {302--306},
  publisher = {Elsevier},
  series = {Electronic Notes in Theoretical Computer Science},
  volume = 1,
  doi = {10.1016/S1571-0661(04)80017-3},
  url = {http://www.sciencedirect.com/science?_ob=ArticleURL&_udi=B75H1-4DD86MJ-3B&_user=10&_coverDate=12%2F31%2F1995&_rdoc=17&_fmt=high&_orig=browse&_origin=browse&_zone=rslt_list_item&_srch=doc-info(%23toc%2313109%231995%23999989999%23587053%23FLP%23display%23Volume)&_cdi=13109&_sort=d&_docanchor=&_ct=30&_acct=C000050221&_version=1&_urlVersion=0&_userid=10&md5=a030f465a1cd513d2e6a2fa9afbe8452&searchtype=a},
  year = 1995
}
@inproceedings{Jones95cc,
  author = {C. B. Jones},
  booktitle = {Proceedings MFPS'95},
  pages = {307--312},
  publisher = {Elsevier},
  series = {Electronic Notes in Theoretical Computer Science},
  title = {Fixing the semantics of some concurrent object-oriented concepts},
  volume = 1,
  doi = {10.1016/S1571-0661(04)80018-5},
  url = {http://www.sciencedirect.com/science?_ob=ArticleURL&_udi=B75H1-4DD86MJ-3C&_user=10&_coverDate=12%2F31%2F1995&_rdoc=18&_fmt=high&_orig=browse&_origin=browse&_zone=rslt_list_item&_srch=doc-info(%23toc%2313109%231995%23999989999%23587053%23FLP%23display%23Volume)&_cdi=13109&_sort=d&_docanchor=&_ct=30&_acct=C000050221&_version=1&_urlVersion=0&_userid=10&md5=dc51f8cf5701fc69ad057062af0939f1&searchtype=a},
  year = 1995
}
@article{Jones95e,
  author = {C.B. Jones},
  doi = {10.1016/0020-0190(95)00042-B},
  journal = {Information Processing Letters},
  local-url = {file://localhost/Users/ncbj/Documents/CBJ-pubs/Papers/Jones95e.pdf},
  number = 2,
  pages = {65--67},
  title = {Partial functions and logics: A warning},
  volume = 54,
  year = 1995
}
@article{Jones96a,
  author = {C. B. Jones},
  doi = {10.1007/BF00122417},
  journal = {Formal Methods in System Design},
  local-url = {file://localhost/Users/ncbj/Documents/CBJ-pubs/Papers/Jones96a.pdf},
  month = {March},
  number = {2},
  pages = {105--122},
  title = {Accommodating Interference in the Formal Design of Concurrent Object-Based Programs},
  url = {https://www.springerlink.com/content/w81r43944751r6q3/},
  volume = {8},
  year = {1996}
}
@article{Jones96l,
  author = {Edmund M. Clarke and Jeannette M. Wing and Cliff B. Jones and others},
  journal = {ACM, Computing Surveys},
  local-url = {file://localhost/Users/ncbj/Documents/CBJ-pubs/Papers/Jones96l.pdf},
  month = {December},
  number = {4},
  pages = {626--643},
  title = {Formal Methods: State of the Art and Future Directions},
  doi = {10.1145/242223.242257},
  volume = {28},
  year = {1996}
}
@inproceedings{Jones96c,
  author = {C. B. Jones},
  booktitle = {ESOP'96},
  doi = {10.1007/3-540-61055-3_26},
  local-url = {file://localhost/Users/ncbj/Documents/CBJ-pubs/Papers/Jones96c.pdf},
  pages = {1--17},
  publisher = {Springer-Verlag},
  series = {Lecture Notes in Computer Science},
  title = {Some practical problems and their influence on semantics},
  url = {http://www.springerlink.com/content/ph27102232313456/},
  volume = 1058,
  year = 1996
}
@incollection{GurdJones96,
  title = {The Global-yet-Personal Information System},
  author = {J. R. Gurd and C. B. Jones},
  booktitle = {Computing Tomorrow},
  editor = {Ian Wand and Robin Milner},
  local-url = {file://localhost/Users/ncbj/Documents/CBJ-pubs/Papers/GurdJones96.pdf},
  pages = {127--157},
  publisher = {Cambridge University Press},
  year = 1996
}
@article{JacksonJonesWing96,
  title = {Formal Methods Light},
  author = {C. B. Jones and D. N. Jackson and J. Wing},
  journal = {IEEE, Computer},
  number = 4,
  pages = {20--22},
  doi = {10.1109/MC.1996.10038},
  url = {http://doi.ieeecomputersociety.org/10.1109/MC.1996.10038},
  volume = 29,
  year = 1996
}
@inproceedings{Jones96h,
  author = {C. B. Jones},
  booktitle = {Proceedings of the {CADE-13} Workshop on the Mechanization Of Partial Functions},
  editor = {William Farmer and Manfred Kerber and Michael Kohlhase},
  pages = {53--64},
  title = {{TANSTAAFL} (with partial functions)},
  url = {ftp://ftp.cs.bham.ac.uk/pub/authors/M.Kerber/96-CADE-WS/Jones.ps.gz},
  local-url = {file://localhost/Users/ncbj/Documents/CBJ-pubs/Papers/Jones96h.pdf},
  year = 1996
}
@inproceedings{Jones96k,
  title = {Describing the Semantics of Concurrent Object-Oriented Languages},
  author = {C. B. Jones},
  booktitle = {Proceedings of the 3rd International Workshop on Foundations of Object-Oriented Languages {(FOOL-3 with LICS'96)}},
  editor = {William Farmer and Manfred Kerber and Michael Kohlhase},
  pages = {24--25},
  year = 1996
}
@incollection{HodgesJones96,
  author = {Steve J. Hodges and Cliff B. Jones},
  booktitle = {Oject Orientation with Parallelism and Persistence},
  editor = {Burkhard Freitag and Cliff B. Jones and Christian Lengauer and Hans-J{\"{o}}rg Schek},
  local-url = {file://localhost/Users/ncbj/Documents/CBJ-pubs/Papers/HodgesJones96.pdf},
  pages = {1--22},
  publisher = {Kluwer Academic Publishers},
  title = {Non-Interference Properties of a Concurrent Object-Based Language: Proofs Based on an Operational Semantics},
  url = {http://www.cs.ncl.ac.uk/research/pubs/inproceedings/papers/547.pdf},
  year = 1996
}
@incollection{Jones97c,
  author = {C. B. Jones},
  booktitle = {Formal Engineering Methods},
  editor = {Michael G Hinchey and Shaoying Liu},
  pages = {5},
  publisher = {IEEE Computer Society},
  title = {Whither Formal Methods? a plea to investigate new applications},
  year = 1997
}
@incollection{Jones98a,
  author = {John Fitzgerald and Cliff Jones},
  booktitle = {Proof in VDM: Case Studies},
  editor = {J. C. Bicarregui},
  pages = {1--30},
  publisher = {Springer-Verlag},
  series = {FACIT},
  title = {A Tracking System},
  year = 1998
}
@incollection{Jones98c,
  author = {C. B. Jones},
  booktitle = {Fundamental Approaches to Software Engineering},
  local-url = {file://localhost/Users/ncbj/Documents/CBJ-pubs/Papers/Jones98c.pdf},
  pages = {7--20},
  publisher = {Springer-Verlag},
  series = {Lecture Notes in Computer Science},
  title = {Some Mistakes {I} Have Made and What {I} Have Learned from Them},
  url = {http://www.springerlink.com/content/w3pl0jfkkqp8l29e/},
  doi = {10.1007/BFb0053580},
  volume = 1382,
  year = 1998
}
@incollection{HayesJones99,
  author = {I. J. Hayes and C. B. Jones},
  booktitle = {High-Integrity System Specification and Design},
  pages = {563--581},
  publisher = {Springer-Verlag},
  series = {FACIT},
  title = {Specifications are not (necessarily) executable},
  url = {http://portal.acm.org/citation.cfm?id=84458.84466},
  year = {1999}
}
@incollection{Jones99a,
  author = {C. B. Jones},
  booktitle = {FM'99 -- Formal Methods},
  local-url = {file://localhost/Users/ncbj/Documents/CBJ-pubs/Papers/Jones99a.pdf},
  pages = {28--47},
  publisher = {Springer-Verlag},
  series = {Lecture Notes in Computer Science},
  title = {Scientific Decisions which Characterize {VDM}},
  url = {http://www.springerlink.com/content/e8xfjt85eeulpt1u/},
  volume = {1708},
  year = 1999
}
@incollection{ColletteJones00a,
  author = {Pierre Collette and Cliff B. Jones},
  booktitle = {Proof, Language and Interaction},
  chapter = {10},
  editor = {Gordon Plotkin and Colin Stirling and Mads Tofte},
  local-url = {file://localhost/Users/ncbj/Documents/CBJ-pubs/Papers/ColletteJones00a.pdf},
  pages = {277--307},
  publisher = {MIT Press},
  title = {Enhancing the Tractability of Rely/Guarantee Specifications in the Development of Interfering Operations},
  year = 2000
}
@incollection{Jones00b,
  author = {C. B. Jones},
  booktitle = {Milennial Perspectives in Computer Science},
  editor = {Jim Davies and Bill Roscoe and Jim Woodcock},
  local-url = {file://localhost/Users/ncbj/Documents/CBJ-pubs/Papers/Jones00b.pdf},
  pages = {175--186},
  publisher = {Macmillian Press},
  title = {Compositionality, Interference and Concurrency},
  year = 2000
}
@incollection{Jones00s,
  author = {C. B. Jones},
  booktitle = {Informatics -- 10 Years Back, 10 Years forward},
  editor = {Reinhard Wilhelm},
  local-url = {file://localhost/Users/ncbj/Documents/CBJ-pubs/Papers/Jones00s.pdf},
  pages = {112--130},
  publisher = {Springer-Verlag},
  series = {Lecture Notes in Computer Science},
  title = {Thinking Tools for the Future of Computing Science},
  url = {http://www.springerlink.com/content/n2ynx77x1mt28a6x/},
  doi = {10.1007/3-540-44577-3_8},
  volume = {2000},
  year = 2000
}
@inproceedings{Jones00q,
  author = {C. B. Jones},
  booktitle = {XIV Simposia Brasiliero de Engenharia de Software},
  local-url = {file://localhost/Users/ncbj/Documents/CBJ-pubs/Papers/Jones00q.pdf},
  pages = {16--20},
  title = {Dependability of Computer-Based Systems},
  year = 2000
}
@article{Jones01d,
  author = {C. B. Jones},
  journal = {Journal of Universal Computer Science},
  local-url = {file://localhost/Users/ncbj/Documents/CBJ-pubs/Papers/Jones01d.pdf},
  number = {8},
  pages = {631--640},
  title = {The Transition from {VDL} to {VDM}},
  url = {http://www.jucs.org/jucs_7_8/the_transition_from_VDL},
  doi = {10.3217/jucs-007-08-0631},
  volume = {7},
  year = {2001}
}
@inproceedings{Jones01g,
  author = {B. Randell and R. Stroud and C. Jones},
  booktitle = {Proceedings of the 2001 International Conference on Dependable Systems and Networks (DSN-2001), Gothenburg, Sweden, 1-4 July 2001},
  pages = {D28--D31},
  publisher = {IEEE Computer Society Press},
  title = {{DSoS (Dependable Systems of Systems)}},
  year = 2001
}
@inproceedings{LawrieJones02,
  author = {A. T. Lawrie and C. B. Jones},
  booktitle = {(in) Proceedings of the Open Source Software Development Workshop, {CS-TR-812}},
  title = {Goal-Diversity in the Design of Dependable Computer-Based Systems},
  year = 2002
}
@incollection{Jones02a,
  author = {C. B. Jones},
  booktitle = {Programming Methodology},
  editor = {Annabelle McIver and Carroll Morgan},
  pages = {5--15},
  publisher = {Springer Verlag},
  title = {Wanted: a Compositional Approach to Concurrency},
  year = 2003
}
@inproceedings{Jones02e,
  author = {Cliff Jones and Alexander Romanovsky and Ian Welch},
  booktitle = {COMPSAC~2002},
  pages = {1000-1005},
  publisher = {IEEE},
  title = {A Structured Approach to Handling On-Line Interface Upgrades},
  url = {http://doi.ieeecomputersociety.org/10.1109/CMPSAC.2002.1045137},
  year = 2002
}
@inproceedings{Jones03a,
  author = {Cliff Jones and Panos Periorellis and Alexander Romanovsky and Ian Welch},
  booktitle = {FIDGI 2002},
  editor = {N. Guelfi and E. Astesiano and G. Reggio},
  pages = {73--86},
  publisher = {Springer Verlag},
  series = {Lecture Notes in Computer Science},
  title = {Structured Handling of On-Line Interface Upgrades in Integrating Dependable Systems of Systems},
  url = {http://www.springerlink.com/content/bw6quw4u48761tcm/},
  doi = {10.1007/3-540-36520-6_7},
  volume = {2604},
  year = 2003
}
@inproceedings{Jones03e,
  author = {Cliff B Jones},
  booktitle = {Formal Methods at the Crossroads: from Panacea to Foundational Support},
  editor = {Bernhard K. Aichernig and Tom Maibaum},
  local-url = {file://localhost/Users/ncbj/Documents/CBJ-pubs/Papers/Jones03e.pdf},
  pages = {191--206},
  publisher = {Springer Verlag},
  series = {Lecture Notes in Computer Science},
  title = {A Formal Basis for some Dependability Notions},
  doi = {10.1007/978-3-540-40007-3_13},
  url = {https://www.springerlink.com/content/bhbvu4145arcjngu/},
  volume = 2757,
  year = 2003
}
@article{Jones03i,
  author = {Cliff B. Jones},
  journal = {IEEE, Annals of the History of Computing},
  local-url = {file://localhost/Users/ncbj/Documents/CBJ-pubs/Papers/Jones03i.pdf},
  number = {2},
  pages = {26--49},
  title = {The Early Search for Tractable Ways of Reasonning about Programs},
  url = {http://doi.ieeecomputersociety.org/10.1109/MAHC.2003.1203057},
  doi = {10.1109/MAHC.2003.1203057},
  volume = {25},
  year = 2003
}
@article{Jones03l,
  author = {Cliff B. Jones},
  issn = {0020-0190},
  journal = {Information Processing Letters},
  local-url = {file://localhost/Users/ncbj/Documents/CBJ-pubs/Papers/Jones03l.pdf},
  number = {1-2},
  pages = {27--32},
  publisher = {Elsevier North-Holland, Inc.},
  title = {Operational Semantics: concepts and their expression},
  url = {http://dx.doi.org/10.1016/S0020-0190(03)00383-1},
  doi = {10.1016/S0020-0190(03)00383-1},
  volume = {88},
  year = {2003}
}
@inproceedings{HayesJacksonJones03,
  title = {Determining the specification of a control system from that of its environment},
  author = {Ian Hayes and Michael Jackson and Cliff Jones},
  booktitle = {{FME 2003}: Formal Methods},
  editor = {Keijiro Araki and Stefani Gnesi and Dino Mandrioli},
  local-url = {file://localhost/Users/ncbj/Documents/CBJ-pubs/Papers/HayesJacksonJones03.pdf},
  pages = {154--169},
  publisher = {Springer Verlag},
  series = {Lecture Notes in Computer Science},
  url = {http://www.springerlink.com/content/531u4w0hf4kcp8dy/},
  doi = {10.1007/978-3-540-45236-2_10},
  volume = 2805,
  year = 2003
}
@incollection{HoareJonesRandell04,
  author = {Tony Hoare and Cliff Jones and Brian Randell},
  booktitle = {Grand Challenges},
  publisher = {UKCRC},
  title = {Extending the Horizons of {DSE}},
  url = {http://www.nesc.ac.uk/esi/events/Grand_Challenges/gcconf04/submissions/23.pdf},
  local-url = {file://localhost/Users/ncbj/Documents/CBJ-pubs/Papers/HoareJonesRandell04.pdf},
  year = 2004
}
@incollection{JonesRandell04,
  author = {Cliff Jones and Brian Randell},
  booktitle = {Trust and Crime in Information Societies},
  chapter = 3,
  editor = {Robin Mansell and Brian S. Collins},
  note = {also visible at http://www.foresight.gov.uk},
  pages = {59--90},
  publisher = {Edward Elgar},
  title = {Dependable Pervasive Systems},
  year = 2005
}
@article{Jones05a,
  author = {C. B. Jones and D. Lomet and A. Romanovsky and G. Weikum},
  doi = {10.1145/1058150.1058165},
  journal = {ACM SIGMOD Record},
  local-url = {file://localhost/Users/ncbj/Documents/CBJ-pubs/Papers/Jones05a.pdf},
  number = 1,
  pages = {63--69},
  title = {The Atomic Manifesto: a Story in Four Quarks},
  url = {http://doi.acm.org/10.1145/1058150.1058165},
  volume = 34,
  year = 2005
}
@article{Jones05c,
  author = {C. B. Jones},
  doi = {10.1016/j.entcs.2005.11.051},
  journal = {Electronic Notes in Theoretical Computer Science, {MFPS~XXI}, 21st Annual Conference of Mathematical Foundations of Programming Semantics},
  local-url = {file://localhost/Users/ncbj/Documents/CBJ-pubs/Papers/Jones05c.pdf},
  pages = {43--60},
  title = {An Approach to Splitting Atoms Safely: Extended Abstract},
  volume = 155,
  year = 2006
}
@inproceedings{Jones05e,
  author = {Cliff B. Jones},
  booktitle = {{ZB-2005}},
  doi = {10.1007/11415787_1},
  editor = {Helen Treharne and Steve King and Martin Henson and Steve Schneider},
  local-url = {file://localhost/Users/ncbj/Documents/CBJ-pubs/Papers/Jones05e.pdf},
  pages = {1--5},
  publisher = {Springer Verlag},
  series = {Lecture Notes in Computer Science},
  title = {Specification before Satisfaction: the Case for Research into Obtaining the Right Specification},
  url = {http://www.springerlink.com/content/n1n38a77guqwj73n/},
  volume = {3455},
  year = 2005
}
@inproceedings{Jones05i,
  author = {D. Greathead and C. B. Jones},
  booktitle = {EDCC-5, Budapest, Supplementary Volume},
  local-url = {file://localhost/Users/ncbj/Documents/CBJ-pubs/Papers/Jones05i.pdf},
  month = {April},
  pages = {11--14},
  title = {{DIRC}: an interdisciplinary attack on problems of dependability},
  year = 2005
}
@inproceedings{Jones05j,
  author = {Joey Coleman and Cliff Jones and Ian Oliver and Alexander Romanovsky and Elena Troubitsyna},
  booktitle = {EDCC-5, Budapest, Supplementary Volume},
  month = {April},
  pages = {23--26},
  title = {{RODIN} (Rigorous Open Development Environment for Complex Systems)},
  year = 2005
}
@inproceedings{Jones05r,
  author = {C. B. Jones},
  booktitle = {Proceedings Tenth IEEE International Conference on Engineering of Complex Computer Systems},
  doi = {10.1109/ICECCS.2005.76},
  local-url = {file://localhost/Users/ncbj/Documents/CBJ-pubs/Papers/Jones05r.pdf},
  pages = {33--35},
  publisher = {IEEE Computer Society},
  title = {Sequencing Operations and Creating Objects},
  year = 2005
}
@article{Jones05a2,
  author = {C. B. Jones and D. Lomet and A. Romanovsky and G. Weikum},
  journal = {Journal of Universal Computer Science},
  local-url = {file://localhost/Users/ncbj/Documents/CBJ-pubs/Papers/Jones05a2.pdf},
  number = 5,
  pages = {636--650},
  title = {The Atomic Manifesto},
  doi = {10.3217/jucs-011-05-0636},
  url = {http://www.jucs.org/jucs_11_5/the_atomic_manifesto},
  volume = 11,
  year = 2005
}
@article{Jones05s,
  author = {J. I. Burton and C. B. Jones},
  journal = {Journal of Universal Computer Science},
  local-url = {file://localhost/Users/ncbj/Documents/CBJ-pubs/Papers/Jones05s.pdf},
  number = 5,
  pages = {661--686},
  title = {Investigating Atomicity and Observability},
  doi = {10.3217/jucs-011-05-0661},
  url = {http://www.jucs.org/jucs_11_5/investigating_atomicity_and_observability},
  volume = 11,
  year = 2005
}
@inproceedings{Jones05t,
  author = {Coleman, Joey W. and Jones, Cliff B.},
  booktitle = {Proceedings of the Workshop on Rigorous Engineering of Fault-Tolerant Systems ({REFT} 2005)},
  editor = {Butler, M. and Jones, C. and Romanovsky, A. and Troubitsyna, E.},
  local-url = {file://localhost/Users/ncbj/Documents/CBJ-pubs/NU-TRs/915.pdf},
  month = {June},
  note = {see www.cs.ncl.ac.uk/research/pubs/trs/papers/915.pdf},
  number = {CS-TR-915},
  organization = {University of Newcastle Upon Tyne},
  pages = {65--73},
  series = {Technical Report Series},
  title = {Examples of how to Determine the Specifications of Control Systems},
  year = {2005}
}
@article{Jones05v,
  author = {C. B. Jones},
  doi = {10.1098/rsta.2005.1653},
  journal = {Royal Soc, Phil Trans R Soc A},
  local-url = {file://localhost/Users/ncbj/Documents/CBJ-pubs/Papers/Jones05v.pdf},
  number = 1835,
  pages = {2395--2396},
  title = {Panelist position statement: reasoning about the design of programs},
  url = {http://www.journals.royalsoc.ac.uk/content/wx774j047n46n438/},
  volume = 363,
  year = 2005
}
@incollection{JonesRandell06,
  author = {Cliff B. Jones and Brian Randell},
  booktitle = {Structure for Dependability: Computer-Based Systems from an Interdisciplinary Perspective},
  chapter = 1,
  doi = {10.1007/1-84628-111-3_1},
  editor = {D. Besnard and C. Gacek and C. B. Jones},
  pages = {3--15},
  publisher = {Springer},
  title = {The role of structure: a dependability perspective},
  url = {https://www.springerlink.com/content/gt706428925920qu/},
  year = 2006,
  bdsk-url-1 = {https://www.springerlink.com/content/gt706428925920qu/},
  bdsk-url-2 = {http://dx.doi.org/10.1007/1-84628-111-3_1}
}
@incollection{Jones06b,
  author = {Cliff B. Jones},
  booktitle = {Trust in Technology: a Socio-Technical Perspective},
  chapter = 10,
  doi = {10.1007/1-4020-4258-2_10},
  edito = {Karen Clarke and Gillian Hardstone and Mark Rouncefield and Ian Sommerville},
  pages = {217--221},
  publisher = {Springer},
  title = {The {DIRC} Project as the context of this book},
  year = 2006,
  bdsk-url-1 = {http://dx.doi.org/10.1007/1-4020-4258-2_10}
}
@article{Jones06c,
  author = {Cliff Jones and Peter {O'Hearn} and Jim Woodcock},
  doi = {10.1109/MC.2006.145},
  journal = {IEEE Computer},
  local-url = {file://localhost/Users/ncbj/Documents/CBJ-pubs/Papers/Jones06c.pdf},
  number = {4},
  pages = {93--95},
  title = {Verified Software: a Grand Challenge},
  url = {http://doi.ieeecomputersociety.org/10.1109/MC.2006.145},
  volume = {39},
  year = 2006
}
@inproceedings{Jones06e,
  title = {Reasoning About Partial Functions in the Formal Development of Programs},
  author = {Cliff B. Jones},
  booktitle = {Proceedings of AVoCS'05},
  doi = {10.1016/j.entcs.2005.10.002},
  pages = {3--25},
  publisher = {Elsevier, Electronic Notes in Theoretical Computer Science},
  volume = 145,
  url = {http://www.sciencedirect.com/science?_ob=ArticleURL&_udi=B75H1-4J05Y67-2&_user=10&_coverDate=01%2F14%2F2006&_rdoc=1&_fmt=high&_orig=search&_origin=search&_sort=d&_docanchor=&view=c&_acct=C000050221&_version=1&_urlVersion=0&_userid=10&md5=4c525be771e19168d5025183cd8d8711&searchtype=a},
  local-url = {file://localhost/Users/ncbj/Documents/CBJ-pubs/Papers/Jones06e.pdf},
  year = 2006
}
@article{ClementJones06,
  author = {T. P. Clement and C. B. Jones},
  journal = {{FACS} {FACTS}},
  pages = {39--53},
  title = {Model-Oriented Specifications},
  volume = {2006-2},
  year = 2006
}
@article{Jones06a,
  author = {C. B. Jones},
  doi = {10.1016/j.tcs.2006.12.029},
  journal = {Theoretical Computer Science},
  local-url = {file://localhost/Users/ncbj/Documents/CBJ-pubs/Papers/Jones06a.pdf},
  number = {1--3},
  pages = {109--119},
  title = {Splitting Atoms Safely},
  volume = 375,
  year = 2007
}
@inproceedings{ColJefJon06,
  author = {Coleman, Joey W. and Jefferson, Nigel P. and Jones, Cliff B.},
  booktitle = {Formal Methods in the Teaching Lab},
  editor = {Raymond T. Boute and Jose N. Oliveira},
  title = {Comments on several years of teaching of modelling programming language concepts},
  year = {2006}
}
@inproceedings{BFJM06,
  author = {J. W. Bryans and J. S. Fitzgerald and C. B. Jones and  I. Mozolevsky},
  booktitle = {Second International Symposium on Leveraging Applications of Formal Methods, Verification and Validation (ISoLA 2006)},
  doi = {10.1109/ISoLA.2006.21},
  editor = {T. Margaria and A. Philippou and B. Steffen},
  pages = {91--98},
  publisher = {IEEE},
  isbn = {9780769530710},
  title = {Formal Modelling of Dynamic Coalitions, with an Application in Chemical Engineering},
  url = {http://ieeexplore.ieee.org/xpl/freeabs_all.jsp?arnumber=4463699},
  url = {http://eprint.ncl.ac.uk/pub_details2.aspx?pub_id=159686},
  year = {2006}
}
@inproceedings{JHJ07,
  author = {Cliff B. Jones and Ian J. Hayes and Michael A. Jackson},
  booktitle = {Formal Methods and Hybrid Real-Time Systems: Essays in Honour of {D}ines {B}j{\o}rner and {Z}hou {C}haochen on the Occasion of Their 70th Birthdays},
  doi = {10.1007/978-3-540-75221-9_16},
  editor = {Cliff B. Jones and Zhiming Liu and Jim Woodcock},
  local-url = {file://localhost/Users/ncbj/Documents/CBJ-pubs/Papers/JHJ-07.pdf},
  pages = {364--390},
  publisher = {Springer Verlag},
  series = {Lecture Notes in Computer Science},
  title = {Deriving Specifications for Systems That are Connected to the Physical World},
  url = {http://www.springerlink.com/content/a8123264587u4762/},
  volume = {4700},
  year = 2007
}
@inproceedings{Jones07e,
  author = {Cliff B. Jones},
  booktitle = {Domain Modeling and the Duration Calculus},
  doi = {10.1007/978-3-540-74964-6_4},
  editor = {Chris George and Zhiming Liu and Jim Woodcock},
  local-url = {file://localhost/Users/ncbj/Documents/CBJ-pubs/Papers/Jones07e.pdf},
  pages = {177--235},
  publisher = {Springer},
  series = {Lecture Notes in Computer Science},
  title = {Understanding programming language concepts via operational semantics},
  url = {http://www.springerlink.com/content/17xp021mp7t40t84/},
  volume = {4710},
  year = {2007}
}
@inproceedings{JonesPierce07,
  author = {Cliff B. Jones and Ken G. Pierce},
  booktitle = {ICECCS '07: Proceedings of the 12th IEEE International
                     Conference on Engineering Complex Computer Systems (ICECCS 2007)},
  publisher = {IEEE Computer Society},
  date-added = {2007-07-31 14:51:53 +0100},
  doi = {10.1109/ICECCS.2007.46},
  local-url = {file://localhost/Users/ncbj/Documents/CBJ-pubs/Papers/JonesPierce07.pdf},
  organization = {IEEE},
  pages = {300--306},
  title = {What Can the $\pi$-calculus Tell Us about the Mondex Purse System?},
  url = {http://ieeexplore.ieee.org/Xplore/login.jsp?url=/iel5/4276289/4276290/04276327.pdf},
  year = {2007}
}
@incollection{Jones07h,
  author = {Cliff B. Jones},
  booktitle = {Logics of Specification Languages},
  editor = {Bj{\o}rner, D. and Henson, M.},
  pages = {614--616},
  publisher = {Springer},
  title = {VDM "Post-ludium"},
  year = {2007}
}
@article{CoJo07,
  title = {A Structural Proof of the Soundness of Rely/guarantee Rules},
  author = {J. W. Coleman and C. B. Jones},
  doi = {10.1093/logcom/exm030},
  journal = {Journal of Logic and Computation},
  volume = 17,
  number = {4},
  pages = {807--841},
  url = {http://logcom.oxfordjournals.org/cgi/content/abstract/17/4/807},
  local-url = {file://localhost/Users/ncbj/Documents/CBJ-pubs/Papers/CoJo07.pdf},
  year = {2007}
}
@article{Jones07d,
  author = {Cliff Jones},
  doi = {10.1093/comjnl/bxl079},
  journal = {The Computer Journal},
  number = 3,
  pages = {261--268},
  title = {Discussion on The Ideal of Program Correctness by {Tony Hoare}},
  volume = 50,
  year = {2007}
}
@article{FitzJones08,
  title = {The Connection between Two Ways of Reasoning about Partial Functions},
  author = {J. S. Fitzgerald and C. B. Jones},
  doi = {10.1016/j.ipl.2008.02.005},
  journal = {IPL},
  number = {3--4},
  pages = {128--132},
  volume = {107},
  local-url = {file://localhost/Users/ncbj/Documents/CBJ-pubs/Papers/FitzJones08.pdf},
  year = {2008}
}
@inproceedings{FBGJP08,
  title = {Animation-based Validation of a Formal Model of Dynamic Vitual Organisations},
  author = {J. S. Fitzgerald and J. W. Bryans and D. Greathead and C.   B. Jones and R. Payne},
  booktitle = {FACS 2007 Christmas Workshop: Formal Methods in Industry},
  editor = {P. Boca and J. Bowen and P.G. Larsen},
  journal = {Electronic Workshops in Computing},
  organization = {BCS},
  address = {BCS London, UK},
  month = {December},
  url = {http://www.bcs.org/server.php?show=ConWebDoc.18550},
  local-url = {file://localhost/Users/ncbj/Documents/CBJ-pubs/Papers/FBGJP08.pdf},
  year = {2008}
}
@inproceedings{Jones-VSTTE-08,
  title = {Some interdisciplinary observations about getting the ``right'' specification},
  author = {Cliff B. Jones},
  booktitle = {Verified Software: Theories, Tools, Experiments},
  editor = {Meyer, B. and Woodcock, J. P. C.},
  number = {4171},
  pages = {64--69},
  publisher = {Springer},
  series = {Lecture Notes in Computer Science},
  doi = {10.1007/978-3-540-69149-5_8},
  url = {http://www.springerlink.com/content/l74m09p3l0337772/fulltext.pdf},
  local-url = {file://localhost/Users/ncbj/Documents/CBJ-pubs/Papers/Jones-VSTTE-08.pdf},
  year = {2008}
}
@inproceedings{JonesPierce08,
  title = {Splitting Atoms with Rely/Guarantee Conditions Coupled with Data Reification},
  author = {Cliff B. Jones and Ken G. Pierce},
  booktitle = {ABZ2008},
  publisher = {Springer},
  series = {Lecture Notes in Computer Science},
  number = {5238},
  doi = {10.1007/978-3-540-87603-8_47},
  pages = {360--377},
  url = {http://www.springerlink.com/content/d63746175654u503/fulltext.pdf},
  local-url = {file://localhost/Users/ncbj/Documents/CBJ-pubs/Papers/JonesPierce08.pdf},
  year = {2008}
}
@article{HughesJones08,
  author = {John R. D. Hughes and C. B. Jones},
  doi = {10.1007/s10515-008-0036-6},
  journal = {Automated Software Engineering},
  title = {Reasoning about Programs via Operational Semantics: Requirements for a Support System},
  number = {3--4},
  pages = {299--312},
  volume = {15},
  url = {http://dx.doi.org/10.1007/s10515-008-0036-6},
  local-url = {file://localhost/Users/ncbj/Documents/CBJ-pubs/Papers/HughesJones08.pdf},
  year = {2008}
}
@article{Jones-ASE08,
  title = {Reflections on, and predictions for, support systems for the development of programs},
  author = {Cliff B. Jones},
  journal = {Proceedings ASE~2008},
  publisher = {IEEE/ACM},
  doi = {10.1109/ASE.2008.10},
  url = {http://ieeexplore.ieee.org/stamp/stamp.jsp?tp=&arnumber=4639303},
  local-url = {file://localhost/Users/ncbj/Documents/CBJ-pubs/Papers/Jones08-ASE.pdf},
  year = 2008
}
@inproceedings{BundyGrovJones09,
  title = {Learning from experts to aid the automation of proof search},
  author = {Alan Bundy and Gudmund Grov and Cliff B. Jones},
  booktitle = {{AVoCS'09} -- PreProceedings of the Ninth International Workshop on Automated Verification of Critical Systems},
  editor = {Liam O'Reilly and Markus Roggenbach},
  publisher = {Swansea University},
  series = {Technical Report of Computer Science CSR-2-2009},
  pages = {229--232},
  local-url = {file://localhost/Users/ncbj/Documents/CBJ-pubs/Papers/BundyGrovJones09.pdf},
  year = 2009
}
@incollection{Jones09MAJ-FS,
  title = {From Problem Frames to {HJJ} (and its known unknowns)},
  author = {Cliff B. Jones},
  isbn = {978-0-557-44467-0},
  booktitle = {Software Requirements and Design: The Work of Michael Jackson},
  editor = {Bashar Nuseibeh and Pamela Zave},
  chapter = 16,
  pages = {357--372},
  publisher = {Good Friends Publishing Company},
  local-url = {file://localhost/Users/ncbj/Documents/CBJ-pubs/Papers/Jones09MAJ-FS.pdf},
  year = 2010
}
@inproceedings{BundyGrovJones-Dagstuhl-09,
  title = {An outline of a proposed system that learns from experts how to discharge proof obligations automatically},
  author = {Alan Bundy and Gudmund Grov and Cliff B. Jones},
  booktitle = {Dagstuhl 09381:
                     Refinement Based Methods for the Construction of Dependable Systems},
  editor = {Jean-Raymond Abrial and Michael Butler and Rajeev Joshi and
Elena Troubitsyna and Jim C. P. Woodcock},
  pages = {38--42},
  url = {http://drops.dagstuhl.de/opus/frontdoor.php?source_opus=2374},
  local-url = {??},
  year = 2009
}
@inproceedings{Jones-Dagstuhl-09,
  title = {Abstraction is all we've got: auxiliary variables considered harmful},
  author = {Cliff B. Jones},
  booktitle = {Dagstuhl 09381:
           Refinement Based Methods for the Construction of Dependable Systems},
  editor = {Jean-Raymond Abrial and Michael Butler and Rajeev Joshi and
	Elena Troubitsyna and Jim C. P. Woodcock},
  pages = {94--98},
  url = {http://drops.dagstuhl.de/opus/frontdoor.php?source_opus=2374},
  local-url = {??},
  year = 2009
}
@incollection{JonesRoscoeCARH-FS-10,
  title = {Insight, inspiration and collaboration},
  author = {C.B. Jones and A.W. Roscoe},
  booktitle = {Reflections on the work of {C.A.R. Hoare}},
  editor = {Cliff B. Jones and A. W. Roscoe and Kenneth Wood},
  chapter = 1,
  pages = {1--32},
  doi = {10.1007/978-1-84882-912-1_1},
  publisher = {Springer},
  local-url = {file://localhost/Users/ncbj/Documents/CBJ-pubs/Papers/JonesRoscoe09CARH-FS.pdf},
  year = 2010
}
@incollection{Jones-CARH-FS-10,
  title = {The role of auxiliary variables in the formal development of concurrent programs},
  author = {C. B. Jones},
  booktitle = {Reflections on the work of {C.A.R. Hoare}},
  editor = {Cliff B. Jones and A. W. Roscoe and Kenneth Wood},
  chapter = 8,
  pages = {167--188},
  doi = {10.1007/978-1-84882-912-1_8},
  publisher = {Springer},
  local-url = {file://localhost/Users/ncbj/Documents/CBJ-pubs/Papers/Jones09CARH-FS.pdf},
  year = 2010
}
@inproceedings{GCCR10,
  title = {The {AI4FM} approach for automation within formal methods},
  author = {Gudmund Grov and Alan Bundy and Cliff B. Jones and Andrew Ireland},
  booktitle = {GCCR'10},
  editor = {UKCRC},
  url = {http://www.ukcrc.org.uk/grand-challenge/gccr10-sub-20.cfm},
  local-url = {file://localhost/Users/ncbj/Documents/CBJ-pubs/Papers/gccr-10.pdf},
  month = {April},
  year = 2010
}
@article{JonesPierce10,
  title = {Elucidating concurrent algorithms via layers of abstraction and reification},
  author = {Cliff B. Jones and Ken G. Pierce},
  journal = {Formal Aspects of Computing},
  volume = {online first},
  pages = {??--??},
  doi = {10.1007/s00165-010-0156-1},
  url = {http://www.springerlink.com/content/e52509k41r31g880/},
  local-url = {file://localhost/Users/ncbj/Documents/CBJ-pubs/papers/JonesPierce10.pdf},
  year = 2010
}
@misc{BjornerJones79,
  author = {D. {Bj\o rner} and C. B. Jones},
  month = {January--February},
  note = {Copenhagen Winter School on `Abstract Software Specification'},
  title = {The {Vienna} {Development} {Method}: Software Abstraction Principles and Software Architecture},
  year = {1979}
}
@misc{Jones79c,
  author = {C. B. Jones},
  month = {August},
  note = {Software Institute, UCSC, Santa Cruz, California},
  title = {Abstract Data Types},
  year = {1979}
}
@misc{Jones79d,
  author = {C. B. Jones},
  month = {September},
  note = {International Seminar on Teaching Computer Science, University of Newcastle},
  title = {Abstract Data Types},
  year = {1979}
}
@misc{Jones82h,
  author = {C. B. Jones},
  month = {September},
  note = {Three lectures at the Joint International Seminar on the Teaching of Computer Science -- Formal Specification, Newcastle},
  title = {The Rigorous Method},
  year = {1982}
}
@misc{Jones83k,
  author = {C. B. Jones},
  month = {March},
  note = {BCS-FACS/SERC Conference on Program Specification and Verification, University of York, (Proceedings not published)},
  title = {Rigorous Design: Some Experiments in Top-down Design},
  year = {1983}
}
@misc{CJNW83,
  author = {I. D. Cottam and C. B. Jones and T. Nipkow and A. C. Wills},
  month = {March},
  note = {BCS-FACS/SERC Conference on Program Specification and Verification, University of York, (Proceedings not published)},
  title = {MULE: A Support System for Formal Specification and Rigorous Software Development},
  year = {1983}
}
@misc{Jones86i,
  author = {C. B. Jones},
  month = {May},
  note = {Two talks at: Innovative Software Factories and Ada, Capri},
  title = {Software Development Based on Formal Methods; {IPSE} 2.5},
  year = {1986}
}
@misc{Jones86l,
  author = {C. B. Jones},
  month = {July--August},
  note = {Four talks at Summer School, Marktoberdorf, Germany},
  title = {Data Reification; Operation Decomposition; A Logic for Partial Functions; Support Environments for Formal Methods},
  year = {1986}
}
@misc{Jones86m,
  author = {C. B. Jones},
  month = {September},
  note = {talk at annual meeting of British Association for the Advancement of Science, Bristol},
  title = {Computing Science, Mathematics, and the {Alvey} Programme},
  year = {1986}
}
@misc{Jones86nn,
  author = {C. B. Jones},
  month = {6 November},
  note = {talks at: {Wsp\'{o}\l Czesne Kierunki Rozwoju Informtyki}, Mr\c{a}gowo, Poland},
  title = {Specifications and Programs},
  year = {1986}
}
@misc{Jones87e,
  author = {C. B. Jones},
  month = {March},
  note = {talk at: VDM'87 Symposium},
  title = {Recent Developments in {VDM}},
  year = {1987}
}
@misc{Jones87f,
  author = {C. B. Jones},
  month = {April},
  note = {talk at: YoP Texas},
  title = {{VDM}'s Notions of Data Type and Data Reification},
  year = {1987}
}
@misc{Jones89a,
  author = {C. B. Jones},
  month = {March},
  note = {talk at: TAPSOFT'89, Barcelona},
  title = {Computer-Aided Formal Reasoning for Software Design},
  year = {1989}
}
@misc{Jones90b,
  author = {C. B. Jones},
  month = {January},
  note = {talk at: Third Refinement Workshop, Hursley},
  title = {Support Tools for Reification},
  year = {1990}
}
@misc{Jones92d,
  author = {C. B. Jones},
  month = {April},
  note = {Mathematical Foundations of Programming Semantics, Oxford},
  title = {What Inhibits the use of Formal Methods?},
  year = {1992}
}
@misc{Jones95j,
  author = {C. B. Jones},
  month = {May},
  note = {FMTA, Poland},
  title = {Lessons from the development of a concurrent program: formality as a guide to intuition},
  year = 1995
}
@misc{Jones95k,
  author = {C. B. Jones},
  month = {July},
  note = {Newton Institute in mathematical Sciences, Cambridge},
  title = {Some practical problems and their influence on semantics},
  year = 1995
}
@misc{Jones96j,
  author = {C. B. Jones},
  month = {July},
  note = {FOOL-3 (LICS) Workshop, Rutgers University},
  title = {Descring the semantics conncurrent object-oriented languages},
  year = 1996
}
@misc{Jones97a,
  author = {C. B. Jones},
  month = {July},
  note = {Irish Workshop on Formal Methods, Dublin},
  title = {Whither Formal Methods?},
  year = 1997
}
@misc{Jones03g,
  author = {Cliff Jones},
  month = {April},
  note = {ETAPS-WMT~2003, Warsaw},
  title = {Operational Semantics: concepts and their expression},
  year = 2003
}
@misc{Jones03o,
  author = {Cliff Jones},
  month = {September},
  note = {SoftTest, York},
  title = {How can design abstractions be used in testing?},
  year = 2003
}
@misc{Jones05m,
  author = {C. B. Jones},
  month = {May},
  note = {MFPS~XXI},
  title = {({A}voiding, describing and understanding) Interference},
  year = 2005
}
@misc{Jones05p,
  author = {Cliff Jones},
  month = {June},
  note = {Presented at IEEE's ICECCS-2005, Shanghai},
  title = {The case for research into obtaining the right specification},
  year = 2005
}
@misc{Jones05u,
  author = {Cliff Jones},
  month = {July},
  note = {Presented at DSVIS-05},
  title = {Determining the specification of systems involving humans},
  year = 2005
}
@misc{Jones05w,
  author = {Cliff Jones},
  month = {July},
  note = {Presented at GC-6 Workshop, FM-05},
  title = {Technical Challenges for Verification in Design},
  year = 2005
}
@misc{Jones05y,
  author = {Cliff Jones},
  month = {September},
  note = {Presented at MPI Kaiserslautern},
  title = {Technical Challenges for Formal Methods},
  year = 2005
}
@misc{Jones05z,
  author = {Cliff Jones},
  month = {October},
  note = {IFIP TC2 Working Conference, VSTTE, ETH Zurich,                 see~\cite{Jones-VSTTE-08} for proceedings},
  title = {What can we do (technically) to get `the right specification'?},
  year = 2005
}
@misc{Jones06j,
  author = {Cliff Jones},
  month = {September},
  note = {Keynote talk, SafeComp-06, Gdansk},
  title = {Dependability of Computer-Based Systems: why interdisciplinarity is essential},
  year = 2006
}
@misc{Jones-ABZ-08,
  author = {Cliff Jones},
  month = {September},
  note = {Keynote Talk at VSR/ABZ, see~\cite{JonesPierce08} for proceedings},
  title = {``Splitting atoms'' with  (a bunch of ideas including) rely/guarantee conditions, data reification, \ldots},
  year = 2008
}
@misc{Jones-ASE08talk,
  author = {Cliff Jones},
  month = {September},
  note = {Keynote at ASE-08, L'Aquila, see~\cite{Jones-ASE08} for extended abstract},
  title = {Reflections on, and predictions for, support systems for the development of programs},
  year = 2008
}
@misc{Jones08-FMCOtalk,
  author = {Cliff Jones},
  month = {October},
  note = {FMCO, Sophia Antipolis},
  title = {Developing programs by ``Splitting atoms''},
  year = 2008
}
@misc{Jones08Tokyo1,
  author = {C. B. Jones},
  local-url = {file://localhost/Users/ncbj/Documents/Precious/slides/seminars/Tokyo-2008/Tokyo-RAEng.ppt},
  month = {November},
  note = {EAJ/RAEng Symposium, British Embassy, Tokyo},
  title = {Which system are we looking at: a dependability perspective},
  year = 2008
}
@misc{Jones09PSY-CAV,
  title = {Rely/guarantee thinking and its role in splitting atoms safely},
  author = {Cliff B. Jones},
  month = {June},
  note = {{PSY} Workshop at {CAV}, Grenoble},
  local-url = {file://localhost/Users/ncbj/Documents/CBJ-pubs/seminars/Jones09PSY-CAV.pdf},
  year = 2009
}
@misc{Jones10AFM-FLoC,
  title = {Ideas for a high-level proof strategy language},
  author = {Cliff B. Jones and Gudmund Grov and Alan Bundy},
  month = {July},
  note = {{AFM} Workshop at {FLoC}},
  local-url = {file://localhost/Users/ncbj/Documents/CBJ-pubs/seminars/Jones10AFM-FLoC.pdf},
  year = 2010
}
@misc{Jones10VERIFY-FLoC,
  title = {Abstractions before Proofs},
  author = {Cliff B. Jones},
  month = {July},
  note = {invited talk at {VERIFY} Workshop at {FLoC}},
  local-url = {file://localhost/Users/ncbj/Documents/CBJ-pubs/seminars/Jones10VERIFY-FLoC.pdf},
  year = 2010
}
@techreport{Schofield66a,
  author = {P. B. Schofield and C. B. Jones},
  institution = {IBM Laboratory Hursley},
  month = {April},
  number = {12.062},
  title = {A Random Generator for the Automatic Production of Executable {PL/I} Programs ({APEX})},
  year = {1966}
}
@misc{Schofield66b,
  author = {P. B. Schofield and C. B. Jones},
  howpublished = {IBM Laboratory, Hursley},
  month = {April},
  title = {{APEX} Manual},
  year = {1966}
}
@techreport{Jones66,
  author = {C. B. Jones},
  institution = {IBM Laboratory Hursley},
  month = {October},
  number = {12.065},
  title = {A Retrospective View of {APEX} ({Automatic Production of Executable Programs})},
  year = {1966}
}
@techreport{Jones68,
  author = {C. B. Jones},
  institution = {IBM Laboratory Vienna},
  month = {July},
  title = {Mathematical Semantics of Goto: Exit Formulation and its Relation to Continuations},
  year = {1968}
}
@techreport{GHJ68a,
  author = {S. M. Glassover and K. V. Hanford and C. B. Jones},
  institution = {IBM Laboratory Hursley},
  month = {October},
  number = {12.077},
  title = {The Syntax Machine: An Introduction},
  year = {1968}
}
@techreport{GHJ69,
  author = {S. M. Glassover and K. V. Hanford and C. B. Jones},
  institution = {IBM Laboratory Hursley},
  month = {January},
  number = {12.078},
  title = {The Syntax Machine: A Description},
  year = {1969}
}
@techreport{Jones69b,
  author = {C. B. Jones},
  institution = {IBM Laboratory, Vienna},
  length = {12 pages},
  month = {June},
  number = {LN 25.3.051},
  title = {A Proof of the Correctness of Some Optimising Techniques},
  year = {1969}
}
@techreport{Jones69c,
  author = {C. B. Jones},
  institution = {IBM Laboratory, Vienna},
  length = {19 pages},
  month = {June},
  number = {LN 25.3.053},
  title = {A Proof of the Correctness of an Interpreter Based on Axiom Schema},
  year = {1969}
}
@techreport{HenhaplJones70b,
  author = {W. Henhapl and C. B. Jones},
  institution = {IBM Laboratory, Vienna},
  length = {12 pages},
  month = {March},
  number = {LN 25.3.065},
  title = {On the Interpretation of {GOTO} Statements in the {ULD}},
  year = {1970}
}
@techreport{HenhaplJones70a,
  author = {W. Henhapl and C. B. Jones},
  institution = {IBM Laboratory Vienna},
  length = {89 pages},
  local-url = {file://localhost/Users/ncbj/Documents/CBJ-pubs/Other-TRs/TR25.104.pdf},
  month = {April},
  number = {25.104},
  title = {The Block Concept and Some Possible Implementations, with Proofs of Equivalence},
  year = {1970}
}
@techreport{Jones70b,
  author = {C. B. Jones},
  institution = {IBM Laboratory, Vienna},
  month = {April},
  number = {LR 25.3.067},
  title = {A Technique for Showing that Two Functions Preserve a Relation Between Their Domains},
  year = {1970}
}
@techreport{HenhaplJones70c,
  author = {W. Henhapl and C. B. Jones},
  institution = {IBM Laboratory, Vienna},
  length = {28 pages},
  month = {May},
  number = {LR 25.3.070},
  title = {Some Observations on the Implementation of Reference Mechanisms for Automatic Variables},
  year = {1970}
}
@techreport{Jones70a,
  author = {C. B. Jones and P. Lucas},
  institution = {IBM Laboratory Vienna},
  month = {August},
  number = {25.110},
  title = {Proving Correctness of Implementation Techniques},
  year = {1970}
}
@techreport{Jones70c,
  author = {C. B. Jones},
  institution = {IBM Laboratory, Vienna},
  month = {August},
  number = {LN 25.3.075},
  title = {Yet Another Proof of the Block Concept},
  year = {1970}
}
@techreport{Jones71c,
  author = {C. B. Jones},
  institution = {IBM Laboratory, Hursley},
  length = {45 pages (revised June 1971)},
  month = {April},
  number = {TN 9000},
  title = {Development of Correct Programs: An Example Based on {Earley's} Recogniser},
  year = {1971}
}
@techreport{HanfordJones71,
  author = {K. V. Hanford and C. B. Jones},
  institution = {IBM Laboratory Hursley},
  length = {44 pages},
  month = {June},
  number = {12.090},
  title = {Dynamic Syntax: A Concept for the Definition of the Syntax of Programming Languages},
  year = {1971}
}
@techreport{Jones71b,
  author = {C. B. Jones},
  institution = {IBM Laboratory Hursley},
  length = {52 pages},
  local-url = {file://localhost/Users/ncbj/Documents/CBJ-pubs/Other-TRs/TR12.095.pdf},
  month = {December},
  number = {12.095},
  title = {Formal Development of Correct Algorithms: an Example Based on {Earley's} Recogniser},
  year = {1971}
}
@techreport{ACJ72,
  author = {C. D. Allen and D. N. Chapman and C. B. Jones},
  institution = {IBM Laboratory Hursley},
  local-url = {file://localhost/Users/ncbj/Documents/CBJ-pubs/Other-TRs/TR12.105.pdf},
  month = {August},
  number = {12.105},
  title = {A Formal Definition of {ALGOL} 60},
  url = {http://homepages.cs.ncl.ac.uk/cliff.jones/ftp-stuff/TR12.105.pdf},
  year = {1972}
}
@techreport{Jones72b,
  author = {C. B. Jones},
  institution = {IBM Laboratory, Hursley},
  length = {12 pages},
  month = {September},
  number = {TN 9004},
  title = {Operations and Formal Development},
  year = {1972}
}
@techreport{CJ73,
  author = {D. N. Chapman and C. B. Jones},
  institution = {IBM Laboratory, Hursley},
  number = {TN 9007},
  title = {Formal Development: An Example using {FDSS}},
  year = {1973}
}
@techreport{AJ73,
  author = {C. D. Allen and C. B. Jones},
  institution = {IBM Laboratory Hursley},
  length = {59 pages},
  month = {March},
  number = {12.110},
  title = {The Formal Development of an Algorithm},
  year = {1973}
}
@techreport{Jones73a,
  author = {C. B. Jones},
  institution = {IBM Laboratory Hursley},
  length = {61 pages},
  month = {June},
  number = {12.117},
  title = {Formal Development of Programs},
  year = {1973}
}
@techreport{BBHJL74,
  author = {H. {Beki\v{c}} and D. {Bj\o rner} and W. Henhapl and C. B. Jones and P. Lucas},
  institution = {IBM Laboratory Vienna},
  length = {Part I 84 pages, Part II 114 pages},
  local-url = {file://localhost/Users/ncbj/Documents/Precious/cbj-WWW-pages/cliff.jones/ftp-stuff/TR25139/},
  month = {December},
  number = {25.139},
  title = {A Formal Definition of a {PL/I} Subset},
  url = {http://homepages.cs.ncl.ac.uk/cliff.jones/ftp-stuff/TR25139/},
  year = {1974},
  bdsk-url-1 = {http://homepages.cs.ncl.ac.uk/cliff.jones/ftp-stuff/TR25139/}
}
@techreport{BIJW75,
  author = {H. {Beki\v{c}} and H. Izbicki and C. B. Jones and F. {Weissenb\"{o}ck}},
  institution = {IBM Laboratory, Vienna},
  month = {December},
  number = {LN 25.3.107},
  title = {Some Experiments with Using a Formal Language Definition in Compiler Development},
  year = {1975}
}
@techreport{Jones76a,
  author = {C. B. Jones},
  institution = {IBM Laboratory Vienna},
  length = {76 pages},
  local-url = {file://localhost/Users/ncbj/Documents/CBJ-pubs/Other-TRs/TR25.145.pdf},
  month = {February},
  number = {25.145},
  title = {Formal Definition in Compiler Development},
  year = {1976}
}
@unpublished{Jones76d,
  author = {C. B. Jones},
  month = {December},
  note = {typescript},
  title = {Program Development Using Data Abstraction},
  year = {1976}
}
@unpublished{Jones77f,
  author = {C. B. Jones},
  length = {16 pages},
  month = {September},
  note = {typescript},
  title = {Implementation Bias in Constructive Specification of Abstract Objects},
  year = {1977}
}
@phdthesis{Jones81d,
  author = {C. B. Jones},
  month = {June},
  note = {Printed as: Programming Research Group, Technical Monograph 25},
  school = {Oxford University},
  title = {Development Methods for Computer Programs including a Notion of Interference},
  local-url = {file://localhost/Users/ncbj/Documents/CBJ-pubs/Other-TRs/Jon81_thesis_PRG_25.pdf},
  year = {1981}
}
@techreport{BarringerJones82,
  author = {H. Barringer and C. B. Jones},
  institution = {University of Manchester},
  month = {September},
  title = {A Survey of Verification Techniques for Parallel Programs},
  year = {1982}
}
@techreport{Jones85i,
  author = {B. T. Denvir and V. A. Downes and C. B. Jones and R. A. Snowdon and M. K. Tordoff},
  institution = {ICL/STC-IDEC/STL/University of Manchester},
  month = {February},
  title = {{IPSE 2.5} Project Proposal},
  year = {1985}
}
@techreport{Jones86s,
  author = {I. D. Cottam and C. B. Jones and T. N. Nipkow and A. C. Wills and M. Wolczko and A. Yaghi},
  institution = {Department of Computer Science, University of Manchester},
  title = {Mule -- An Environment for Rigorous Software Development (final Report to {SERC} on Grant Number {GR/C/05762})},
  year = {1986}
}
@techreport{Jones86c,
  author = {C. B. Jones},
  institution = {University of Manchester},
  number = {UMCS 86-4-2},
  title = {Teaching Notes for Systematic Software Development Using {VDM}},
  year = {1986}
}
@techreport{Jones86k,
  author = {C. B. Jones},
  institution = {University of Manchester},
  local-url = {file://localhost/Users/ncbj/Documents/CBJ-pubs/MUCS-TRs/UMCS_86_10_5.pdf},
  note = {extended version of \cite{Jones87o} (includes the full proofs)},
  number = {UMCS 86-10-5},
  title = {Program Specification and Verification in {VDM}},
  year = {1986}
}
@techreport{Jones86r,
  author = {C. B. Jones and P. Lindsay and C. Wadsworth},
  institution = {Manchester University and Rutherford Appleton Laboratory},
  month = {June},
  number = {060/00021/1.5},
  title = {{IPSE} 2.5 Theorem Proving Concepts Paper},
  year = {1986}
}
@techreport{Jones87p,
  author = {C. B. Jones and R. Moore},
  institution = {Manchester University},
  month = {December},
  number = {UMCS 87-12-8},
  title = {An Experimental User Interface for a Theorem Proving Assistant},
  year = {1987}
}
@techreport{Jones90k,
  title = {Systematic Software Development using {VDM} (Second Edition) Teaching Notes},
  author = {C. B. Jones},
  institution = {Prentice Hall International},
  local-url = {file://localhost/Users/ncbj/Documents/CBJ-pubs/Books/ssdvdm-TN90.pdf},
  year = 1990
}
@unpublished{Jones90n,
  title = {Final Report on {SERC Grant No. GR/D/60294: IPSE 2.5}},
  author = {C. B. Jones},
  month = {July},
  note = {internal communication},
  organization = {Manchester University},
  year = 1990
}
@techreport{Jones92n,
  title = {An Object-Based Design Method for Concurrent Programs},
  author = {C. B. Jones},
  institution = {Manchester University},
  number = {UMCS-92-12-1},
  url = {http://intranet.cs.man.ac.uk/Intranet_subweb/library/cstechrep/Abstracts/UMCS-92-12-1.html},
  local-url = {file://localhost/Users/ncbj/Documents/CBJ-pubs/MUCS-TRs/UMCS-92-12-1.pdf},
  year = 1992
}
@techreport{JonesMcCauley92,
  title = {Formal Methods -- Selected Historical References},
  author = {C. B. Jones and A. M. McCauley},
  institution = {Manchester University},
  number = {UMCS-92-12-2},
  url = {http://intranet.cs.man.ac.uk/Intranet_subweb/library/cstechrep/Abstracts/UMCS-92-12-2.html},
  local-url = {file://localhost/Users/ncbj/Documents/CBJ-pubs/MUCS-TRs/UMCS-92-12-2.pdf},
  year = 1992
}
@techreport{FitzgeraldJones98d,
  author = {J. S. Fitzgerald and C. B. Jones},
  institution = {Newcastle University},
  local-url = {file://localhost/Users/ncbj/Documents/CBJ-pubs/NU-TRs/617.pdf},
  number = {CS-TR-617},
  title = {Proof in the Analysis of a Model of a Tracking System},
  url = {http://www.cs.ncl.ac.uk/research/pubs/trs/papers/617.ps},
  year = 1997
}
@techreport{DSoS-Arch,
  author = {A. Romanovsky and J. Arlat and J.-C. Fabre and V. Issarny and C. B. Jones and N. Levy and E. Marsden and P. Periorellis and M. Rodriguez and F. Tartanoglu and I. Welch},
  institution = {School of Computing Science, Newcastle University},
  local-url = {file://localhost/Users/ncbj/Documents/CBJ-pubs/NU-TRs/779.pdf},
  number = {CS-TR-779},
  title = {Further Results on Architectures and Dependability Mechanisms for Dependable {SoSs}},
  url = {http://www.cs.ncl.ac.uk/research/pubs/trs/papers/779.pdf},
  year = 2002
}
@techreport{DSoS-Final,
  author = {M.-C. Gaudel and V. Issarny and C. B. Jones and H. Kopetz and E. Marsden and N. Moffat and M. Paulitsch and D. Powell and B. Randell and A. Romanovsky and R.J. Stroud and F. Taini},
  institution = {School of Computing Science, Newcastle University},
  local-url = {file://localhost/Users/ncbj/Documents/CBJ-pubs/NU-TRs/782.pdf},
  number = {CS-TR-782},
  title = {Final Version of {DSoS} Conceptual Model},
  url = {http://www.cs.ncl.ac.uk/research/pubs/trs/papers/782.pdf},
  year = 2002
}
@techreport{Jones04b,
  author = {J. Coleman and N. Jefferson and C. B. Jones},
  institution = {School of Computing Science, Newcastle University},
  local-url = {file://localhost/Users/ncbj/Documents/CBJ-pubs/NU-TRs/844.pdf},
  note = {Submitted to Ghent Teaching Conference},
  number = {CS-TR-844},
  title = {Black Tie Optional: Modelling Programming Language Concepts},
  url = {http://www.cs.ncl.ac.uk/research/pubs/trs/papers/844.pdf},
  year = 2004
}
@techreport{CoJo06,
  title = {Guaranteeing the soundness of rely/guarantee rules},
  author = {J. W. Coleman and C. B. Jones},
  institution = {School of Computing Science, University of Newcastle},
  month = {March},
  number = {CS-TR-955},
  url = {http://www.cs.ncl.ac.uk/research/pubs/trs/papers/955.pdf},
  local-url = {file://localhost/Users/ncbj/Documents/CBJ-pubs/NU-TRs/955.pdf},
  year = 2006
}
@techreport{Leavens-etal06a,
  title = {Roadmap for Enhanced Languages and Methods to Aid Verification},
  address = {Ames, IA},
  author = {Gary T. Leavens and Jean-Raymond Abrial and Don Batory and Michael Butler and Alessandro Coglio and Kathi Fisler and Eric Hehner and Cliff Jones and Dale Miller and Simon Peyton-Jones and Murali Sitaraman and Douglas R. Smith and Aaron Stump},
  institution = {Iowa State University, Department of Computer Science},
  key = {Leavens, {\em et al.}},
  month = jul,
  number = {06-21},
  url = {\url{ftp://ftp.cs.iastate.edu/pub/techreports/TR06-21/TR.pdf}},
  local-url = {file://localhost/Users/ncbj/Documents/CBJ-pubs/Other-TRs/Iowa-06-21.pdf},
  year = 2006,
  annote = {A VSTTE committee roadmap. 146 references.}
}
@techreport{RODIN-D19,
  title = {RODIN: Intermediate Report on Methodology},
  author = {C. B. Jones},
  institution = {School of Computing Science, University of Newcastle},
  number = {CS-TR-990},
  url = {http://www.cs.ncl.ac.uk/research/pubs/trs/papers/990.pdf},
  local-url = {file://localhost/Users/ncbj/Documents/CBJ-pubs/NU-TRs/990.pdf},
  year = 2006
}
@techreport{RAEng-DPS,
  title = {Dilemmas of Privacy and Surveillance: Challenges of Technological Change},
  author = {Nigel Gilbert and Cliff Jones and others},
  institution = {Royal Academy of Engineering},
  isbn = {1-903496-32-2},
  month = {March},
  url = {http://www.raeng.org.uk/policy/reports/pdf/dilemmas_of_privacy_and_surveillance_report.pdf},
  local-url = {file://localhost/Users/ncbj/Documents/CBJ-pubs/Other-TRs/dilemmas_of_privacy_and_surveillance_report-1.pdf},
  year = 2007
}
@techreport{FitzJones07TR,
  title = {The Connection between Two Ways of Reasoning about Partial Functions},
  author = {J. S. Fitzgerald and C. B. Jones},
  institution = {School of Computing Science, Newcastle University},
  month = {August},
  number = {CS-TR-1044},
  pages = {8},
  url = {http://www.cs.ncl.ac.uk/research/pubs/trs/papers/1044.pdf},
  local-url = {file://localhost/Users/ncbj/Documents/CBJ-pubs/NU-TRs/1044.pdf},
  year = 2007
}
@techreport{Jones08TR-DC,
  title = {A Dynamic Coalitions Workbench: Final Report},
  author = {Bryans, J. W. and Fitzgerald, J. S. and Greathead, D. and Jones, C. B. and Payne, R. J.},
  institution = {School of Computing Science, Newcastle University},
  number = {CS-TR-1091},
  url = {http://www.cs.ncl.ac.uk/research/pubs/trs/papers/1091.pdf},
  local-url = {file://localhost/Users/ncbj/Documents/CBJ-pubs/NU-TRs/1091.pdf},
  year = 2008
}
@techreport{JonesGrovBundy10-TR-Ed,
  title = {Ideas for a high-level proof strategy language},
  author = {Cliff B. Jones and Gudmund Grov and Alan Bundy},
  institution = {Informatics, Edinburgh University},
  number = {EDI-INF-RR-1377},
  url = {http://www.inf.ed.ac.uk/publications/report/1377.html},
  year = 2010
}
@article{BurtonJonesJUCSed,
  author = {J. I. Burton and C. B. Jones},
  journal = {Journal of Universal Computer Science},
  local-url = {file://localhost/Users/ncbj/Documents/CBJ-pubs/Papers/BurtonJonesJUCSed.pdf},
  number = 5,
  pages = {634--635},
  title = {Atomicity in System Design and Execution},
  url = {http://www.jucs.org/jucs_11_5/atomicity_in_system_design/managing.html},
  volume = 11,
  year = 2005
}
